{"data":{"id":1892950919532850200,"orderno":0,"symbol":"SI-9.25","board":"RFUD","qty":1,"price":81171,"time":"2025-08-27T08:56:15.3357220Z","timestamp":1756284975335,"oi":7301638,"existing":false,"side":"sell"},"guid":"tr-a9bf1c4b-2673-412c-ac50-a45eec2b9bb3"}
{"data":{"id":1892950919532850200,"orderno":0,"symbol":"SI-9.25","board":"RFUD","qty":1,"price":81171,"time":"2025-08-27T08:56:15.3357220Z","timestamp":1756284975335,"oi":7301640,"existing":false,"side":"sell"},"guid":"tr-a9bf1c4b-2673-412c-ac50-a45eec2b9bb3"}
{"data":{"id":1892950919532850200,"orderno":0,"symbol":"SI-9.25","board":"RFUD","qty":1,"price":81170,"time":"2025-08-27T08:56:15.3357220Z","timestamp":1756284975335,"oi":7301640,"existing":false,"side":"sell"},"guid":"tr-a9bf1c4b-2673-412c-ac50-a45eec2b9bb3"}
{"data":{"id":1892950919532850200,"orderno":0,"symbol":"SI-9.25","board":"RFUD","qty":5,"price":81170,"time":"2025-08-27T08:56:15.3357220Z","timestamp":1756284975335,"oi":7301650,"existing":false,"side":"sell"},"guid":"tr-a9bf1c4b-2673-412c-ac50-a45eec2b9bb3"}
{"data":{"id":1892950919532850200,"orderno":0,"symbol":"SI-9.25","board":"RFUD","qty":2,"price":81170,"time":"2025-08-27T08:56:15.3357220Z","timestamp":1756284975335,"oi":7301654,"existing":false,"side":"sell"},"guid":"tr-a9bf1c4b-2673-412c-ac50-a45eec2b9bb3"}
{"data":{"id":1892950919532850200,"orderno":0,"symbol":"SI-9.25","board":"RFUD","qty":1,"price":81170,"time":"2025-08-27T08:56:15.3357220Z","timestamp":1756284975335,"oi":7301656,"existing":false,"side":"sell"},"guid":"tr-a9bf1c4b-2673-412c-ac50-a45eec2b9bb3"}
{"data":{"id":1892950919532850200,"orderno":0,"symbol":"SI-9.25","board":"RFUD","qty":1,"price":81170,"time":"2025-08-27T08:56:15.3357220Z","timestamp":1756284975335,"oi":7301656,"existing":false,"side":"sell"},"guid":"tr-a9bf1c4b-2673-412c-ac50-a45eec2b9bb3"}
{"data":{"id":1892950919532850200,"orderno":0,"symbol":"SI-9.25","board":"RFUD","qty":1,"price":81170,"time":"2025-08-27T08:56:15.3357220Z","timestamp":1756284975335,"oi":7301656,"existing":false,"side":"sell"},"guid":"tr-a9bf1c4b-2673-412c-ac50-a45eec2b9bb3"}
{"data":{"id":1892950919532850200,"orderno":0,"symbol":"SI-9.25","board":"RFUD","qty":1,"price":81170,"time":"2025-08-27T08:56:15.3357220Z","timestamp":1756284975335,"oi":7301656,"existing":false,"side":"sell"},"guid":"tr-a9bf1c4b-2673-412c-ac50-a45eec2b9bb3"}
{"data":{"snapshot":true,"bids":[{"price":81174,"volume":14},{"price":81173,"volume":24},{"price":81171,"volume":9},{"price":81170,"volume":37},{"price":81169,"volume":38},{"price":81168,"volume":103},{"price":81167,"volume":18},{"price":81166,"volume":3},{"price":81165,"volume":23},{"price":81164,"volume":3},{"price":81163,"volume":20},{"price":81162,"volume":37},{"price":81161,"volume":5},{"price":81160,"volume":6},{"price":81159,"volume":23},{"price":81158,"volume":14},{"price":81157,"volume":19},{"price":81156,"volume":40},{"price":81155,"volume":4},{"price":81154,"volume":3}],"asks":[{"price":81180,"volume":4},{"price":81181,"volume":13},{"price":81182,"volume":32},{"price":81185,"volume":18},{"price":81186,"volume":39},{"price":81188,"volume":4},{"price":81189,"volume":496},{"price":81191,"volume":17},{"price":81192,"volume":21},{"price":81193,"volume":11},{"price":81194,"volume":13},{"price":81195,"volume":5},{"price":81196,"volume":4},{"price":81197,"volume":3},{"price":81198,"volume":24},{"price":81199,"volume":41},{"price":81200,"volume":17},{"price":81201,"volume":36},{"price":81202,"volume":45},{"price":81203,"volume":31}],"timestamp":1756284975,"ms_timestamp":1756284975355,"existing":false},"guid":"ob-e03e4a93-a8a6-40fb-b93c-a7e8107671e7"}
{"data":{"id":1892950919532850200,"orderno":0,"symbol":"SI-9.25","board":"RFUD","qty":1,"price":81170,"time":"2025-08-27T08:56:15.3413640Z","timestamp":1756284975341,"oi":7301658,"existing":false,"side":"sell"},"guid":"tr-a9bf1c4b-2673-412c-ac50-a45eec2b9bb3"}
{"data":{"id":1892950919532850200,"orderno":0,"symbol":"SI-9.25","board":"RFUD","qty":1,"price":81170,"time":"2025-08-27T08:56:15.3439030Z","timestamp":1756284975343,"oi":7301660,"existing":false,"side":"sell"},"guid":"tr-a9bf1c4b-2673-412c-ac50-a45eec2b9bb3"}
{"data":{"id":1892950919532850200,"orderno":0,"symbol":"SI-9.25","board":"RFUD","qty":1,"price":81174,"time":"2025-08-27T08:56:15.3449410Z","timestamp":1756284975344,"oi":7301660,"existing":false,"side":"sell"},"guid":"tr-a9bf1c4b-2673-412c-ac50-a45eec2b9bb3"}
{"data":{"id":1892950919532850200,"orderno":0,"symbol":"SI-9.25","board":"RFUD","qty":1,"price":81174,"time":"2025-08-27T08:56:15.3459940Z","timestamp":1756284975345,"oi":7301664,"existing":false,"side":"sell"},"guid":"tr-a9bf1c4b-2673-412c-ac50-a45eec2b9bb3"}
{"data":{"id":1892950919532850200,"orderno":0,"symbol":"SI-9.25","board":"RFUD","qty":1,"price":81174,"time":"2025-08-27T08:56:15.3457390Z","timestamp":1756284975345,"oi":7301662,"existing":false,"side":"sell"},"guid":"tr-a9bf1c4b-2673-412c-ac50-a45eec2b9bb3"}
{"data":{"id":1892950919532850200,"orderno":0,"symbol":"SI-9.25","board":"RFUD","qty":2,"price":81174,"time":"2025-08-27T08:56:15.3454200Z","timestamp":1756284975345,"oi":7301660,"existing":false,"side":"sell"},"guid":"tr-a9bf1c4b-2673-412c-ac50-a45eec2b9bb3"}
{"data":{"id":1892950919532850200,"orderno":0,"symbol":"SI-9.25","board":"RFUD","qty":1,"price":81170,"time":"2025-08-27T08:56:15.3459940Z","timestamp":1756284975345,"oi":7301666,"existing":false,"side":"sell"},"guid":"tr-a9bf1c4b-2673-412c-ac50-a45eec2b9bb3"}
{"data":{"id":1892950919532850200,"orderno":0,"symbol":"SI-9.25","board":"RFUD","qty":1,"price":81175,"time":"2025-08-27T08:56:15.3482600Z","timestamp":1756284975348,"oi":7301666,"existing":false,"side":"sell"},"guid":"tr-a9bf1c4b-2673-412c-ac50-a45eec2b9bb3"}
{"data":{"id":1892950919532850200,"orderno":0,"symbol":"SI-9.25","board":"RFUD","qty":1,"price":81176,"time":"2025-08-27T08:56:15.3661300Z","timestamp":1756284975366,"oi":7301666,"existing":false,"side":"sell"},"guid":"tr-a9bf1c4b-2673-412c-ac50-a45eec2b9bb3"}
{"data":{"id":1892950919532850200,"orderno":0,"symbol":"SI-9.25","board":"RFUD","qty":2,"price":81176,"time":"2025-08-27T08:56:15.3632070Z","timestamp":1756284975363,"oi":7301666,"existing":false,"side":"sell"},"guid":"tr-a9bf1c4b-2673-412c-ac50-a45eec2b9bb3"}
{"data":{"id":1892950919532850200,"orderno":0,"symbol":"SI-9.25","board":"RFUD","qty":4,"price":81176,"time":"2025-08-27T08:56:15.3699290Z","timestamp":1756284975369,"oi":7301666,"existing":false,"side":"sell"},"guid":"tr-a9bf1c4b-2673-412c-ac50-a45eec2b9bb3"}
{"data":{"id":1892950919532850200,"orderno":0,"symbol":"SI-9.25","board":"RFUD","qty":1,"price":81176,"time":"2025-08-27T08:56:15.3692010Z","timestamp":1756284975369,"oi":7301666,"existing":false,"side":"sell"},"guid":"tr-a9bf1c4b-2673-412c-ac50-a45eec2b9bb3"}
{"data":{"id":1892950919532850200,"orderno":0,"symbol":"SI-9.25","board":"RFUD","qty":1,"price":81176,"time":"2025-08-27T08:56:15.3797720Z","timestamp":1756284975379,"oi":7301668,"existing":false,"side":"sell"},"guid":"tr-a9bf1c4b-2673-412c-ac50-a45eec2b9bb3"}
{"data":{"id":1892950919532850200,"orderno":0,"symbol":"SI-9.25","board":"RFUD","qty":1,"price":81176,"time":"2025-08-27T08:56:15.3730050Z","timestamp":1756284975373,"oi":7301666,"existing":false,"side":"sell"},"guid":"tr-a9bf1c4b-2673-412c-ac50-a45eec2b9bb3"}
{"data":{"id":1892950919532850200,"orderno":0,"symbol":"SI-9.25","board":"RFUD","qty":2,"price":81174,"time":"2025-08-27T08:56:15.3797720Z","timestamp":1756284975379,"oi":7301668,"existing":false,"side":"sell"},"guid":"tr-a9bf1c4b-2673-412c-ac50-a45eec2b9bb3"}
{"data":{"id":1892950919532850200,"orderno":0,"symbol":"SI-9.25","board":"RFUD","qty":6,"price":81174,"time":"2025-08-27T08:56:15.3815870Z","timestamp":1756284975381,"oi":7301668,"existing":false,"side":"sell"},"guid":"tr-a9bf1c4b-2673-412c-ac50-a45eec2b9bb3"}
{"data":{"id":1892950919532850200,"orderno":0,"symbol":"SI-9.25","board":"RFUD","qty":1,"price":81174,"time":"2025-08-27T08:56:15.3837710Z","timestamp":1756284975383,"oi":7301668,"existing":false,"side":"sell"},"guid":"tr-a9bf1c4b-2673-412c-ac50-a45eec2b9bb3"}
{"data":{"id":1892950919532850200,"orderno":0,"symbol":"SI-9.25","board":"RFUD","qty":3,"price":81174,"time":"2025-08-27T08:56:15.3917640Z","timestamp":1756284975391,"oi":7301668,"existing":false,"side":"sell"},"guid":"tr-a9bf1c4b-2673-412c-ac50-a45eec2b9bb3"}
{"data":{"snapshot":true,"bids":[{"price":81173,"volume":21},{"price":81171,"volume":21},{"price":81170,"volume":37},{"price":81169,"volume":47},{"price":81168,"volume":103},{"price":81167,"volume":18},{"price":81166,"volume":25},{"price":81165,"volume":23},{"price":81164,"volume":5},{"price":81163,"volume":3},{"price":81162,"volume":5},{"price":81161,"volume":25},{"price":81160,"volume":21},{"price":81159,"volume":3},{"price":81158,"volume":34},{"price":81157,"volume":3},{"price":81156,"volume":22},{"price":81155,"volume":18},{"price":81154,"volume":22},{"price":81153,"volume":27}],"asks":[{"price":81178,"volume":4},{"price":81179,"volume":2},{"price":81180,"volume":9},{"price":81181,"volume":2},{"price":81182,"volume":8},{"price":81183,"volume":5},{"price":81185,"volume":17},{"price":81186,"volume":39},{"price":81188,"volume":2},{"price":81189,"volume":497},{"price":81190,"volume":3},{"price":81191,"volume":18},{"price":81192,"volume":21},{"price":81193,"volume":11},{"price":81194,"volume":13},{"price":81195,"volume":5},{"price":81196,"volume":4},{"price":81197,"volume":3},{"price":81198,"volume":24},{"price":81199,"volume":43}],"timestamp":1756284975,"ms_timestamp":1756284975415,"existing":false},"guid":"ob-e03e4a93-a8a6-40fb-b93c-a7e8107671e7"}
{"data":{"id":1892950919532850200,"orderno":0,"symbol":"SI-9.25","board":"RFUD","qty":2,"price":81174,"time":"2025-08-27T08:56:15.4051490Z","timestamp":1756284975405,"oi":7301668,"existing":false,"side":"sell"},"guid":"tr-a9bf1c4b-2673-412c-ac50-a45eec2b9bb3"}
{"data":{"id":1892950919532850200,"orderno":0,"symbol":"SI-9.25","board":"RFUD","qty":3,"price":81174,"time":"2025-08-27T08:56:15.4051490Z","timestamp":1756284975405,"oi":7301668,"existing":false,"side":"sell"},"guid":"tr-a9bf1c4b-2673-412c-ac50-a45eec2b9bb3"}
{"data":{"id":1892950919532850200,"orderno":0,"symbol":"SI-9.25","board":"RFUD","qty":5,"price":81174,"time":"2025-08-27T08:56:15.4051490Z","timestamp":1756284975405,"oi":7301668,"existing":false,"side":"sell"},"guid":"tr-a9bf1c4b-2673-412c-ac50-a45eec2b9bb3"}
{"data":{"id":1892950919532850200,"orderno":0,"symbol":"SI-9.25","board":"RFUD","qty":1,"price":81174,"time":"2025-08-27T08:56:15.4111530Z","timestamp":1756284975411,"oi":7301668,"existing":false,"side":"sell"},"guid":"tr-a9bf1c4b-2673-412c-ac50-a45eec2b9bb3"}
{"data":{"id":1892950919532850200,"orderno":0,"symbol":"SI-9.25","board":"RFUD","qty":2,"price":81173,"time":"2025-08-27T08:56:15.4111530Z","timestamp":1756284975411,"oi":7301668,"existing":false,"side":"sell"},"guid":"tr-a9bf1c4b-2673-412c-ac50-a45eec2b9bb3"}
{"data":{"id":1892950919532850200,"orderno":0,"symbol":"SI-9.25","board":"RFUD","qty":2,"price":81174,"time":"2025-08-27T08:56:15.4108780Z","timestamp":1756284975410,"oi":7301668,"existing":false,"side":"sell"},"guid":"tr-a9bf1c4b-2673-412c-ac50-a45eec2b9bb3"}
{"data":{"id":1892950919532850200,"orderno":0,"symbol":"SI-9.25","board":"RFUD","qty":1,"price":81173,"time":"2025-08-27T08:56:15.4197960Z","timestamp":1756284975419,"oi":7301668,"existing":false,"side":"sell"},"guid":"tr-a9bf1c4b-2673-412c-ac50-a45eec2b9bb3"}
{"data":{"id":1892950919532850200,"orderno":0,"symbol":"SI-9.25","board":"RFUD","qty":4,"price":81173,"time":"2025-08-27T08:56:15.4286630Z","timestamp":1756284975428,"oi":7301668,"existing":false,"side":"sell"},"guid":"tr-a9bf1c4b-2673-412c-ac50-a45eec2b9bb3"}
{"data":{"snapshot":true,"bids":[{"price":81173,"volume":14},{"price":81171,"volume":21},{"price":81170,"volume":37},{"price":81169,"volume":47},{"price":81168,"volume":103},{"price":81167,"volume":18},{"price":81166,"volume":25},{"price":81165,"volume":23},{"price":81164,"volume":5},{"price":81163,"volume":3},{"price":81162,"volume":5},{"price":81161,"volume":25},{"price":81160,"volume":21},{"price":81159,"volume":3},{"price":81158,"volume":14},{"price":81157,"volume":23},{"price":81156,"volume":22},{"price":81155,"volume":18},{"price":81154,"volume":22},{"price":81153,"volume":27}],"asks":[{"price":81178,"volume":4},{"price":81179,"volume":2},{"price":81180,"volume":9},{"price":81181,"volume":2},{"price":81182,"volume":11},{"price":81184,"volume":2},{"price":81185,"volume":17},{"price":81186,"volume":39},{"price":81188,"volume":4},{"price":81189,"volume":497},{"price":81190,"volume":3},{"price":81191,"volume":18},{"price":81192,"volume":21},{"price":81193,"volume":11},{"price":81194,"volume":13},{"price":81195,"volume":5},{"price":81196,"volume":4},{"price":81197,"volume":3},{"price":81198,"volume":24},{"price":81199,"volume":43}],"timestamp":1756284975,"ms_timestamp":1756284975435,"existing":false},"guid":"ob-e03e4a93-a8a6-40fb-b93c-a7e8107671e7"}
{"data":{"id":1892950919532850200,"orderno":0,"symbol":"SI-9.25","board":"RFUD","qty":1,"price":81173,"time":"2025-08-27T08:56:15.4855510Z","timestamp":1756284975485,"oi":7301666,"existing":false,"side":"sell"},"guid":"tr-a9bf1c4b-2673-412c-ac50-a45eec2b9bb3"}
{"data":{"snapshot":true,"bids":[{"price":81173,"volume":13},{"price":81171,"volume":21},{"price":81170,"volume":37},{"price":81169,"volume":47},{"price":81168,"volume":103},{"price":81167,"volume":18},{"price":81166,"volume":25},{"price":81165,"volume":23},{"price":81164,"volume":5},{"price":81163,"volume":5},{"price":81162,"volume":5},{"price":81161,"volume":25},{"price":81160,"volume":21},{"price":81159,"volume":3},{"price":81158,"volume":14},{"price":81157,"volume":23},{"price":81156,"volume":22},{"price":81155,"volume":18},{"price":81154,"volume":22},{"price":81153,"volume":27}],"asks":[{"price":81178,"volume":4},{"price":81179,"volume":2},{"price":81180,"volume":9},{"price":81181,"volume":2},{"price":81182,"volume":11},{"price":81184,"volume":2},{"price":81185,"volume":17},{"price":81186,"volume":39},{"price":81188,"volume":4},{"price":81189,"volume":497},{"price":81190,"volume":3},{"price":81191,"volume":18},{"price":81192,"volume":21},{"price":81193,"volume":11},{"price":81194,"volume":13},{"price":81195,"volume":5},{"price":81196,"volume":4},{"price":81197,"volume":3},{"price":81198,"volume":24},{"price":81199,"volume":43}],"timestamp":1756284975,"ms_timestamp":1756284975498,"existing":false},"guid":"ob-e03e4a93-a8a6-40fb-b93c-a7e8107671e7"}
{"data":{"snapshot":true,"bids":[{"price":81173,"volume":3},{"price":81171,"volume":24},{"price":81170,"volume":38},{"price":81169,"volume":47},{"price":81168,"volume":103},{"price":81167,"volume":18},{"price":81166,"volume":25},{"price":81165,"volume":23},{"price":81164,"volume":5},{"price":81163,"volume":5},{"price":81162,"volume":5},{"price":81161,"volume":25},{"price":81160,"volume":21},{"price":81159,"volume":3},{"price":81158,"volume":14},{"price":81157,"volume":23},{"price":81156,"volume":22},{"price":81155,"volume":18},{"price":81154,"volume":22},{"price":81153,"volume":27}],"asks":[{"price":81178,"volume":7},{"price":81179,"volume":2},{"price":81180,"volume":9},{"price":81181,"volume":2},{"price":81182,"volume":10},{"price":81183,"volume":499},{"price":81184,"volume":2},{"price":81185,"volume":15},{"price":81186,"volume":39},{"price":81188,"volume":4},{"price":81189,"volume":3},{"price":81190,"volume":3},{"price":81191,"volume":18},{"price":81192,"volume":21},{"price":81193,"volume":11},{"price":81194,"volume":13},{"price":81195,"volume":5},{"price":81196,"volume":4},{"price":81197,"volume":3},{"price":81198,"volume":24}],"timestamp":1756284975,"ms_timestamp":1756284975582,"existing":false},"guid":"ob-e03e4a93-a8a6-40fb-b93c-a7e8107671e7"}
{"data":{"snapshot":true,"bids":[{"price":81171,"volume":24},{"price":81170,"volume":38},{"price":81169,"volume":47},{"price":81168,"volume":103},{"price":81167,"volume":18},{"price":81166,"volume":25},{"price":81165,"volume":23},{"price":81164,"volume":5},{"price":81163,"volume":5},{"price":81162,"volume":5},{"price":81161,"volume":25},{"price":81160,"volume":21},{"price":81159,"volume":3},{"price":81158,"volume":14},{"price":81157,"volume":23},{"price":81156,"volume":22},{"price":81155,"volume":18},{"price":81154,"volume":22},{"price":81153,"volume":27},{"price":81152,"volume":2}],"asks":[{"price":81178,"volume":26},{"price":81179,"volume":22},{"price":81180,"volume":28},{"price":81182,"volume":8},{"price":81183,"volume":499},{"price":81184,"volume":4},{"price":81185,"volume":15},{"price":81186,"volume":39},{"price":81188,"volume":4},{"price":81189,"volume":3},{"price":81190,"volume":3},{"price":81191,"volume":18},{"price":81192,"volume":21},{"price":81193,"volume":11},{"price":81194,"volume":13},{"price":81195,"volume":5},{"price":81196,"volume":4},{"price":81197,"volume":3},{"price":81198,"volume":24},{"price":81199,"volume":43}],"timestamp":1756284975,"ms_timestamp":1756284975623,"existing":false},"guid":"ob-e03e4a93-a8a6-40fb-b93c-a7e8107671e7"}
{"data":{"snapshot":true,"bids":[{"price":81171,"volume":20},{"price":81170,"volume":40},{"price":81169,"volume":27},{"price":81168,"volume":103},{"price":81167,"volume":18},{"price":81166,"volume":5},{"price":81165,"volume":8},{"price":81164,"volume":5},{"price":81163,"volume":25},{"price":81162,"volume":20},{"price":81161,"volume":5},{"price":81160,"volume":21},{"price":81159,"volume":23},{"price":81158,"volume":14},{"price":81157,"volume":3},{"price":81156,"volume":7},{"price":81155,"volume":25},{"price":81154,"volume":16},{"price":81153,"volume":28},{"price":81152,"volume":22}],"asks":[{"price":81178,"volume":24},{"price":81179,"volume":6},{"price":81180,"volume":28},{"price":81181,"volume":15},{"price":81182,"volume":8},{"price":81183,"volume":499},{"price":81185,"volume":2},{"price":81186,"volume":40},{"price":81187,"volume":16},{"price":81188,"volume":5},{"price":81189,"volume":3},{"price":81190,"volume":3},{"price":81191,"volume":18},{"price":81192,"volume":21},{"price":81193,"volume":11},{"price":81194,"volume":13},{"price":81195,"volume":5},{"price":81196,"volume":4},{"price":81197,"volume":3},{"price":81198,"volume":24}],"timestamp":1756284975,"ms_timestamp":1756284975689,"existing":false},"guid":"ob-e03e4a93-a8a6-40fb-b93c-a7e8107671e7"}
{"data":{"snapshot":true,"bids":[{"price":81171,"volume":20},{"price":81170,"volume":40},{"price":81169,"volume":27},{"price":81168,"volume":103},{"price":81167,"volume":18},{"price":81166,"volume":5},{"price":81165,"volume":8},{"price":81164,"volume":5},{"price":81163,"volume":25},{"price":81162,"volume":20},{"price":81161,"volume":5},{"price":81160,"volume":21},{"price":81159,"volume":23},{"price":81158,"volume":14},{"price":81157,"volume":3},{"price":81156,"volume":7},{"price":81155,"volume":25},{"price":81154,"volume":16},{"price":81153,"volume":28},{"price":81152,"volume":22}],"asks":[{"price":81178,"volume":7},{"price":81179,"volume":4},{"price":81180,"volume":9},{"price":81181,"volume":15},{"price":81182,"volume":10},{"price":81183,"volume":499},{"price":81185,"volume":4},{"price":81186,"volume":40},{"price":81187,"volume":16},{"price":81188,"volume":5},{"price":81189,"volume":3},{"price":81190,"volume":3},{"price":81191,"volume":18},{"price":81192,"volume":21},{"price":81193,"volume":11},{"price":81194,"volume":13},{"price":81195,"volume":5},{"price":81196,"volume":4},{"price":81197,"volume":3},{"price":81198,"volume":24}],"timestamp":1756284975,"ms_timestamp":1756284975720,"existing":false},"guid":"ob-e03e4a93-a8a6-40fb-b93c-a7e8107671e7"}
{"data":{"snapshot":true,"bids":[{"price":81171,"volume":20},{"price":81170,"volume":40},{"price":81169,"volume":27},{"price":81168,"volume":103},{"price":81167,"volume":18},{"price":81166,"volume":5},{"price":81165,"volume":8},{"price":81164,"volume":5},{"price":81163,"volume":40},{"price":81162,"volume":5},{"price":81161,"volume":5},{"price":81160,"volume":21},{"price":81159,"volume":23},{"price":81158,"volume":14},{"price":81157,"volume":3},{"price":81156,"volume":7},{"price":81155,"volume":25},{"price":81154,"volume":16},{"price":81153,"volume":28},{"price":81152,"volume":22}],"asks":[{"price":81178,"volume":7},{"price":81179,"volume":4},{"price":81180,"volume":9},{"price":81181,"volume":15},{"price":81182,"volume":10},{"price":81183,"volume":499},{"price":81185,"volume":4},{"price":81186,"volume":40},{"price":81187,"volume":16},{"price":81188,"volume":5},{"price":81189,"volume":3},{"price":81190,"volume":3},{"price":81191,"volume":18},{"price":81192,"volume":21},{"price":81193,"volume":11},{"price":81194,"volume":13},{"price":81195,"volume":5},{"price":81196,"volume":4},{"price":81197,"volume":3},{"price":81198,"volume":24}],"timestamp":1756284975,"ms_timestamp":1756284975771,"existing":false},"guid":"ob-e03e4a93-a8a6-40fb-b93c-a7e8107671e7"}
{"data":{"snapshot":true,"bids":[{"price":81171,"volume":20},{"price":81170,"volume":40},{"price":81169,"volume":27},{"price":81168,"volume":103},{"price":81167,"volume":18},{"price":81166,"volume":5},{"price":81165,"volume":8},{"price":81164,"volume":5},{"price":81163,"volume":40},{"price":81162,"volume":5},{"price":81161,"volume":5},{"price":81160,"volume":21},{"price":81159,"volume":23},{"price":81158,"volume":14},{"price":81157,"volume":3},{"price":81156,"volume":7},{"price":81155,"volume":25},{"price":81154,"volume":16},{"price":81153,"volume":28},{"price":81152,"volume":22}],"asks":[{"price":81178,"volume":7},{"price":81179,"volume":4},{"price":81180,"volume":9},{"price":81181,"volume":15},{"price":81182,"volume":10},{"price":81183,"volume":499},{"price":81185,"volume":4},{"price":81186,"volume":40},{"price":81187,"volume":16},{"price":81188,"volume":5},{"price":81189,"volume":3},{"price":81190,"volume":3},{"price":81191,"volume":18},{"price":81192,"volume":21},{"price":81193,"volume":11},{"price":81194,"volume":13},{"price":81195,"volume":5},{"price":81196,"volume":4},{"price":81197,"volume":3},{"price":81198,"volume":24}],"timestamp":1756284975,"ms_timestamp":1756284975803,"existing":false},"guid":"ob-e03e4a93-a8a6-40fb-b93c-a7e8107671e7"}
{"data":{"snapshot":true,"bids":[{"price":81171,"volume":20},{"price":81170,"volume":40},{"price":81169,"volume":27},{"price":81168,"volume":103},{"price":81167,"volume":18},{"price":81166,"volume":5},{"price":81165,"volume":8},{"price":81164,"volume":5},{"price":81163,"volume":20},{"price":81162,"volume":5},{"price":81161,"volume":25},{"price":81160,"volume":21},{"price":81159,"volume":3},{"price":81158,"volume":14},{"price":81157,"volume":3},{"price":81156,"volume":7},{"price":81155,"volume":25},{"price":81154,"volume":16},{"price":81153,"volume":28},{"price":81152,"volume":22}],"asks":[{"price":81178,"volume":7},{"price":81179,"volume":4},{"price":81180,"volume":9},{"price":81181,"volume":15},{"price":81182,"volume":10},{"price":81183,"volume":499},{"price":81185,"volume":4},{"price":81186,"volume":40},{"price":81187,"volume":16},{"price":81188,"volume":5},{"price":81189,"volume":3},{"price":81190,"volume":3},{"price":81191,"volume":18},{"price":81192,"volume":21},{"price":81193,"volume":11},{"price":81194,"volume":13},{"price":81195,"volume":5},{"price":81196,"volume":4},{"price":81197,"volume":3},{"price":81198,"volume":24}],"timestamp":1756284976,"ms_timestamp":1756284976015,"existing":false},"guid":"ob-e03e4a93-a8a6-40fb-b93c-a7e8107671e7"}
{"data":{"snapshot":true,"bids":[{"price":81171,"volume":20},{"price":81170,"volume":40},{"price":81169,"volume":27},{"price":81168,"volume":103},{"price":81167,"volume":18},{"price":81166,"volume":5},{"price":81165,"volume":8},{"price":81164,"volume":5},{"price":81163,"volume":20},{"price":81162,"volume":5},{"price":81161,"volume":25},{"price":81160,"volume":21},{"price":81159,"volume":3},{"price":81158,"volume":14},{"price":81157,"volume":3},{"price":81156,"volume":7},{"price":81155,"volume":25},{"price":81154,"volume":16},{"price":81153,"volume":28},{"price":81152,"volume":22}],"asks":[{"price":81178,"volume":7},{"price":81179,"volume":4},{"price":81180,"volume":9},{"price":81181,"volume":15},{"price":81182,"volume":10},{"price":81183,"volume":499},{"price":81185,"volume":4},{"price":81186,"volume":40},{"price":81187,"volume":16},{"price":81188,"volume":5},{"price":81189,"volume":3},{"price":81190,"volume":3},{"price":81191,"volume":18},{"price":81192,"volume":21},{"price":81193,"volume":11},{"price":81194,"volume":13},{"price":81195,"volume":5},{"price":81196,"volume":4},{"price":81197,"volume":3},{"price":81198,"volume":24}],"timestamp":1756284976,"ms_timestamp":1756284976089,"existing":false},"guid":"ob-e03e4a93-a8a6-40fb-b93c-a7e8107671e7"}
{"data":{"snapshot":true,"bids":[{"price":81171,"volume":13},{"price":81170,"volume":40},{"price":81169,"volume":27},{"price":81168,"volume":103},{"price":81167,"volume":18},{"price":81166,"volume":5},{"price":81165,"volume":8},{"price":81164,"volume":5},{"price":81163,"volume":20},{"price":81162,"volume":5},{"price":81161,"volume":25},{"price":81160,"volume":21},{"price":81159,"volume":3},{"price":81158,"volume":14},{"price":81157,"volume":4},{"price":81156,"volume":7},{"price":81155,"volume":25},{"price":81154,"volume":3},{"price":81153,"volume":39},{"price":81152,"volume":22}],"asks":[{"price":81174,"volume":4},{"price":81175,"volume":13},{"price":81178,"volume":7},{"price":81179,"volume":6},{"price":81180,"volume":9},{"price":81181,"volume":15},{"price":81182,"volume":4},{"price":81183,"volume":499},{"price":81185,"volume":4},{"price":81186,"volume":27},{"price":81187,"volume":16},{"price":81188,"volume":5},{"price":81189,"volume":3},{"price":81190,"volume":3},{"price":81191,"volume":18},{"price":81192,"volume":21},{"price":81193,"volume":11},{"price":81194,"volume":13},{"price":81195,"volume":5},{"price":81196,"volume":4}],"timestamp":1756284976,"ms_timestamp":1756284976131,"existing":false},"guid":"ob-e03e4a93-a8a6-40fb-b93c-a7e8107671e7"}
{"data":{"snapshot":true,"bids":[{"price":81171,"volume":20},{"price":81170,"volume":40},{"price":81169,"volume":27},{"price":81168,"volume":103},{"price":81167,"volume":18},{"price":81166,"volume":5},{"price":81165,"volume":8},{"price":81164,"volume":5},{"price":81163,"volume":20},{"price":81162,"volume":5},{"price":81161,"volume":25},{"price":81160,"volume":21},{"price":81159,"volume":3},{"price":81158,"volume":14},{"price":81157,"volume":4},{"price":81156,"volume":7},{"price":81155,"volume":5},{"price":81154,"volume":23},{"price":81153,"volume":28},{"price":81152,"volume":15}],"asks":[{"price":81174,"volume":4},{"price":81175,"volume":13},{"price":81178,"volume":7},{"price":81179,"volume":6},{"price":81180,"volume":9},{"price":81182,"volume":19},{"price":81183,"volume":499},{"price":81185,"volume":4},{"price":81186,"volume":27},{"price":81187,"volume":16},{"price":81188,"volume":5},{"price":81189,"volume":3},{"price":81190,"volume":3},{"price":81191,"volume":18},{"price":81192,"volume":21},{"price":81193,"volume":11},{"price":81194,"volume":13},{"price":81195,"volume":5},{"price":81196,"volume":4},{"price":81197,"volume":3}],"timestamp":1756284976,"ms_timestamp":1756284976162,"existing":false},"guid":"ob-e03e4a93-a8a6-40fb-b93c-a7e8107671e7"}
{"data":{"id":1892950919532850200,"orderno":0,"symbol":"SI-9.25","board":"RFUD","qty":9,"price":81171,"time":"2025-08-27T08:56:16.2300190Z","timestamp":1756284976230,"oi":7301660,"existing":false,"side":"sell"},"guid":"tr-a9bf1c4b-2673-412c-ac50-a45eec2b9bb3"}
{"data":{"snapshot":true,"bids":[{"price":81171,"volume":8},{"price":81170,"volume":15},{"price":81169,"volume":16},{"price":81168,"volume":3},{"price":81167,"volume":18},{"price":81166,"volume":5},{"price":81165,"volume":20},{"price":81164,"volume":5},{"price":81163,"volume":5},{"price":81162,"volume":5},{"price":81161,"volume":25},{"price":81160,"volume":6},{"price":81159,"volume":3},{"price":81158,"volume":4},{"price":81157,"volume":19},{"price":81156,"volume":7},{"price":81155,"volume":20},{"price":81154,"volume":23},{"price":81153,"volume":28},{"price":81152,"volume":2}],"asks":[{"price":81174,"volume":4},{"price":81175,"volume":13},{"price":81176,"volume":3},{"price":81177,"volume":2},{"price":81178,"volume":13},{"price":81179,"volume":2},{"price":81181,"volume":2},{"price":81182,"volume":19},{"price":81183,"volume":499},{"price":81185,"volume":4},{"price":81186,"volume":27},{"price":81187,"volume":16},{"price":81188,"volume":5},{"price":81189,"volume":3},{"price":81190,"volume":3},{"price":81191,"volume":18},{"price":81192,"volume":21},{"price":81193,"volume":11},{"price":81194,"volume":13},{"price":81195,"volume":5}],"timestamp":1756284976,"ms_timestamp":1756284976257,"existing":false},"guid":"ob-e03e4a93-a8a6-40fb-b93c-a7e8107671e7"}
{"data":{"id":1892950919532850200,"orderno":0,"symbol":"SI-9.25","board":"RFUD","qty":2,"price":81171,"time":"2025-08-27T08:56:16.2914750Z","timestamp":1756284976291,"oi":7301656,"existing":false,"side":"sell"},"guid":"tr-a9bf1c4b-2673-412c-ac50-a45eec2b9bb3"}
{"data":{"id":1892950919532850200,"orderno":0,"symbol":"SI-9.25","board":"RFUD","qty":7,"price":81170,"time":"2025-08-27T08:56:16.2914750Z","timestamp":1756284976291,"oi":7301642,"existing":false,"side":"sell"},"guid":"tr-a9bf1c4b-2673-412c-ac50-a45eec2b9bb3"}
{"data":{"id":1892950919532850200,"orderno":0,"symbol":"SI-9.25","board":"RFUD","qty":1,"price":81170,"time":"2025-08-27T08:56:16.2914750Z","timestamp":1756284976291,"oi":7301640,"existing":false,"side":"sell"},"guid":"tr-a9bf1c4b-2673-412c-ac50-a45eec2b9bb3"}
{"data":{"id":1892950919532850200,"orderno":0,"symbol":"SI-9.25","board":"RFUD","qty":7,"price":81171,"time":"2025-08-27T08:56:16.2914750Z","timestamp":1756284976291,"oi":7301642,"existing":false,"side":"sell"},"guid":"tr-a9bf1c4b-2673-412c-ac50-a45eec2b9bb3"}
{"data":{"id":1892950919532850200,"orderno":0,"symbol":"SI-9.25","board":"RFUD","qty":3,"price":81170,"time":"2025-08-27T08:56:16.2914750Z","timestamp":1756284976291,"oi":7301640,"existing":false,"side":"sell"},"guid":"tr-a9bf1c4b-2673-412c-ac50-a45eec2b9bb3"}
{"data":{"snapshot":true,"bids":[{"price":81172,"volume":1},{"price":81170,"volume":2},{"price":81168,"volume":13},{"price":81167,"volume":18},{"price":81166,"volume":5},{"price":81165,"volume":20},{"price":81164,"volume":5},{"price":81163,"volume":5},{"price":81162,"volume":5},{"price":81161,"volume":20},{"price":81160,"volume":6},{"price":81159,"volume":3},{"price":81158,"volume":24},{"price":81157,"volume":19},{"price":81156,"volume":107},{"price":81155,"volume":5},{"price":81154,"volume":23},{"price":81153,"volume":28},{"price":81152,"volume":3},{"price":81151,"volume":25}],"asks":[{"price":81174,"volume":10},{"price":81175,"volume":22},{"price":81176,"volume":9},{"price":81178,"volume":6},{"price":81181,"volume":4},{"price":81182,"volume":19},{"price":81183,"volume":499},{"price":81185,"volume":5},{"price":81186,"volume":27},{"price":81187,"volume":16},{"price":81188,"volume":5},{"price":81189,"volume":3},{"price":81190,"volume":3},{"price":81191,"volume":18},{"price":81192,"volume":21},{"price":81193,"volume":11},{"price":81194,"volume":13},{"price":81195,"volume":5},{"price":81196,"volume":4},{"price":81197,"volume":23}],"timestamp":1756284976,"ms_timestamp":1756284976309,"existing":false},"guid":"ob-e03e4a93-a8a6-40fb-b93c-a7e8107671e7"}
{"data":{"snapshot":true,"bids":[{"price":81172,"volume":1},{"price":81170,"volume":2},{"price":81168,"volume":13},{"price":81167,"volume":18},{"price":81166,"volume":5},{"price":81165,"volume":20},{"price":81164,"volume":5},{"price":81163,"volume":5},{"price":81162,"volume":5},{"price":81161,"volume":20},{"price":81160,"volume":6},{"price":81159,"volume":3},{"price":81158,"volume":24},{"price":81157,"volume":19},{"price":81156,"volume":107},{"price":81155,"volume":5},{"price":81154,"volume":23},{"price":81153,"volume":28},{"price":81152,"volume":3},{"price":81151,"volume":25}],"asks":[{"price":81173,"volume":7},{"price":81174,"volume":10},{"price":81175,"volume":22},{"price":81176,"volume":9},{"price":81178,"volume":6},{"price":81181,"volume":4},{"price":81182,"volume":19},{"price":81183,"volume":499},{"price":81185,"volume":5},{"price":81186,"volume":27},{"price":81187,"volume":16},{"price":81188,"volume":5},{"price":81189,"volume":3},{"price":81190,"volume":3},{"price":81191,"volume":18},{"price":81192,"volume":21},{"price":81193,"volume":11},{"price":81194,"volume":13},{"price":81195,"volume":5},{"price":81196,"volume":4}],"timestamp":1756284976,"ms_timestamp":1756284976341,"existing":false},"guid":"ob-e03e4a93-a8a6-40fb-b93c-a7e8107671e7"}
{"data":{"snapshot":true,"bids":[{"price":81172,"volume":1},{"price":81170,"volume":2},{"price":81168,"volume":13},{"price":81167,"volume":18},{"price":81166,"volume":5},{"price":81165,"volume":20},{"price":81164,"volume":5},{"price":81163,"volume":5},{"price":81162,"volume":5},{"price":81161,"volume":20},{"price":81160,"volume":6},{"price":81159,"volume":3},{"price":81158,"volume":24},{"price":81157,"volume":19},{"price":81156,"volume":107},{"price":81155,"volume":5},{"price":81154,"volume":23},{"price":81153,"volume":28},{"price":81152,"volume":3},{"price":81151,"volume":25}],"asks":[{"price":81173,"volume":7},{"price":81174,"volume":10},{"price":81175,"volume":22},{"price":81176,"volume":9},{"price":81178,"volume":6},{"price":81181,"volume":4},{"price":81182,"volume":19},{"price":81183,"volume":499},{"price":81185,"volume":5},{"price":81186,"volume":27},{"price":81187,"volume":16},{"price":81188,"volume":5},{"price":81189,"volume":3},{"price":81190,"volume":3},{"price":81191,"volume":18},{"price":81192,"volume":21},{"price":81193,"volume":11},{"price":81194,"volume":13},{"price":81195,"volume":5},{"price":81196,"volume":4}],"timestamp":1756284976,"ms_timestamp":1756284976415,"existing":false},"guid":"ob-e03e4a93-a8a6-40fb-b93c-a7e8107671e7"}
{"data":{"snapshot":true,"bids":[{"price":81172,"volume":1},{"price":81170,"volume":2},{"price":81168,"volume":13},{"price":81167,"volume":18},{"price":81166,"volume":5},{"price":81165,"volume":20},{"price":81164,"volume":5},{"price":81163,"volume":5},{"price":81162,"volume":5},{"price":81161,"volume":20},{"price":81160,"volume":6},{"price":81159,"volume":3},{"price":81158,"volume":24},{"price":81157,"volume":19},{"price":81156,"volume":107},{"price":81155,"volume":5},{"price":81154,"volume":23},{"price":81153,"volume":28},{"price":81152,"volume":3},{"price":81151,"volume":25}],"asks":[{"price":81173,"volume":7},{"price":81174,"volume":10},{"price":81175,"volume":23},{"price":81176,"volume":9},{"price":81178,"volume":6},{"price":81181,"volume":4},{"price":81182,"volume":19},{"price":81183,"volume":499},{"price":81185,"volume":5},{"price":81186,"volume":27},{"price":81187,"volume":16},{"price":81188,"volume":5},{"price":81189,"volume":3},{"price":81190,"volume":3},{"price":81191,"volume":18},{"price":81192,"volume":21},{"price":81193,"volume":11},{"price":81194,"volume":13},{"price":81195,"volume":5},{"price":81196,"volume":4}],"timestamp":1756284976,"ms_timestamp":1756284976435,"existing":false},"guid":"ob-e03e4a93-a8a6-40fb-b93c-a7e8107671e7"}
{"data":{"snapshot":true,"bids":[{"price":81172,"volume":1},{"price":81170,"volume":2},{"price":81168,"volume":13},{"price":81167,"volume":18},{"price":81166,"volume":5},{"price":81165,"volume":20},{"price":81164,"volume":5},{"price":81163,"volume":5},{"price":81162,"volume":5},{"price":81161,"volume":20},{"price":81160,"volume":6},{"price":81159,"volume":3},{"price":81158,"volume":24},{"price":81157,"volume":19},{"price":81156,"volume":107},{"price":81155,"volume":5},{"price":81154,"volume":23},{"price":81153,"volume":28},{"price":81152,"volume":3},{"price":81151,"volume":25}],"asks":[{"price":81173,"volume":7},{"price":81174,"volume":10},{"price":81175,"volume":23},{"price":81176,"volume":9},{"price":81178,"volume":6},{"price":81181,"volume":4},{"price":81182,"volume":19},{"price":81183,"volume":499},{"price":81185,"volume":5},{"price":81186,"volume":27},{"price":81187,"volume":16},{"price":81188,"volume":5},{"price":81189,"volume":3},{"price":81190,"volume":3},{"price":81191,"volume":18},{"price":81192,"volume":21},{"price":81193,"volume":11},{"price":81194,"volume":13},{"price":81195,"volume":5},{"price":81196,"volume":4}],"timestamp":1756284976,"ms_timestamp":1756284976530,"existing":false},"guid":"ob-e03e4a93-a8a6-40fb-b93c-a7e8107671e7"}
{"data":{"snapshot":true,"bids":[{"price":81172,"volume":1},{"price":81170,"volume":2},{"price":81168,"volume":13},{"price":81167,"volume":18},{"price":81166,"volume":5},{"price":81165,"volume":20},{"price":81164,"volume":5},{"price":81163,"volume":5},{"price":81162,"volume":5},{"price":81161,"volume":20},{"price":81160,"volume":6},{"price":81159,"volume":3},{"price":81158,"volume":24},{"price":81157,"volume":19},{"price":81156,"volume":107},{"price":81155,"volume":5},{"price":81154,"volume":23},{"price":81153,"volume":28},{"price":81152,"volume":3},{"price":81151,"volume":25}],"asks":[{"price":81173,"volume":1},{"price":81174,"volume":4},{"price":81175,"volume":14},{"price":81176,"volume":12},{"price":81178,"volume":6},{"price":81181,"volume":4},{"price":81182,"volume":19},{"price":81183,"volume":499},{"price":81185,"volume":5},{"price":81186,"volume":27},{"price":81187,"volume":16},{"price":81188,"volume":5},{"price":81189,"volume":3},{"price":81190,"volume":3},{"price":81191,"volume":18},{"price":81192,"volume":21},{"price":81193,"volume":11},{"price":81194,"volume":13},{"price":81195,"volume":5},{"price":81196,"volume":4}],"timestamp":1756284976,"ms_timestamp":1756284976710,"existing":false},"guid":"ob-e03e4a93-a8a6-40fb-b93c-a7e8107671e7"}
{"data":{"snapshot":true,"bids":[{"price":81172,"volume":1},{"price":81170,"volume":2},{"price":81168,"volume":13},{"price":81167,"volume":18},{"price":81166,"volume":5},{"price":81165,"volume":20},{"price":81164,"volume":5},{"price":81163,"volume":5},{"price":81162,"volume":5},{"price":81161,"volume":20},{"price":81160,"volume":6},{"price":81159,"volume":3},{"price":81158,"volume":24},{"price":81157,"volume":19},{"price":81156,"volume":107},{"price":81155,"volume":5},{"price":81154,"volume":23},{"price":81153,"volume":28},{"price":81152,"volume":3},{"price":81151,"volume":25}],"asks":[{"price":81173,"volume":1},{"price":81174,"volume":4},{"price":81175,"volume":14},{"price":81176,"volume":12},{"price":81178,"volume":4},{"price":81181,"volume":4},{"price":81182,"volume":29},{"price":81183,"volume":499},{"price":81185,"volume":5},{"price":81186,"volume":27},{"price":81187,"volume":16},{"price":81188,"volume":5},{"price":81189,"volume":3},{"price":81190,"volume":3},{"price":81191,"volume":18},{"price":81192,"volume":21},{"price":81193,"volume":11},{"price":81194,"volume":13},{"price":81195,"volume":5},{"price":81196,"volume":4}],"timestamp":1756284976,"ms_timestamp":1756284976731,"existing":false},"guid":"ob-e03e4a93-a8a6-40fb-b93c-a7e8107671e7"}
{"data":{"id":1892950919532850200,"orderno":0,"symbol":"SI-9.25","board":"RFUD","qty":1,"price":81172,"time":"2025-08-27T08:56:16.8380330Z","timestamp":1756284976838,"oi":7301638,"existing":false,"side":"sell"},"guid":"tr-a9bf1c4b-2673-412c-ac50-a45eec2b9bb3"}
{"data":{"snapshot":true,"bids":[{"price":81170,"volume":2},{"price":81168,"volume":13},{"price":81167,"volume":18},{"price":81166,"volume":8},{"price":81165,"volume":17},{"price":81164,"volume":5},{"price":81163,"volume":5},{"price":81162,"volume":5},{"price":81161,"volume":20},{"price":81160,"volume":6},{"price":81159,"volume":3},{"price":81158,"volume":24},{"price":81157,"volume":19},{"price":81156,"volume":107},{"price":81155,"volume":5},{"price":81154,"volume":23},{"price":81153,"volume":28},{"price":81152,"volume":3},{"price":81151,"volume":25},{"price":81150,"volume":9}],"asks":[{"price":81172,"volume":1},{"price":81173,"volume":1},{"price":81174,"volume":4},{"price":81175,"volume":14},{"price":81176,"volume":12},{"price":81178,"volume":4},{"price":81180,"volume":4},{"price":81181,"volume":19},{"price":81182,"volume":12},{"price":81183,"volume":499},{"price":81185,"volume":5},{"price":81186,"volume":27},{"price":81187,"volume":16},{"price":81188,"volume":5},{"price":81189,"volume":3},{"price":81190,"volume":3},{"price":81191,"volume":18},{"price":81192,"volume":21},{"price":81193,"volume":11},{"price":81194,"volume":13}],"timestamp":1756284976,"ms_timestamp":1756284976850,"existing":false},"guid":"ob-e03e4a93-a8a6-40fb-b93c-a7e8107671e7"}
{"data":{"snapshot":true,"bids":[{"price":81170,"volume":2},{"price":81167,"volume":15},{"price":81166,"volume":5},{"price":81165,"volume":11},{"price":81164,"volume":5},{"price":81163,"volume":5},{"price":81162,"volume":5},{"price":81161,"volume":15},{"price":81160,"volume":15},{"price":81159,"volume":18},{"price":81158,"volume":24},{"price":81157,"volume":19},{"price":81156,"volume":107},{"price":81155,"volume":5},{"price":81154,"volume":23},{"price":81153,"volume":28},{"price":81152,"volume":3},{"price":81151,"volume":26},{"price":81150,"volume":10},{"price":81149,"volume":2}],"asks":[{"price":81172,"volume":7},{"price":81173,"volume":7},{"price":81174,"volume":9},{"price":81175,"volume":17},{"price":81178,"volume":4},{"price":81180,"volume":19},{"price":81181,"volume":19},{"price":81182,"volume":12},{"price":81183,"volume":499},{"price":81185,"volume":5},{"price":81186,"volume":27},{"price":81187,"volume":16},{"price":81188,"volume":5},{"price":81189,"volume":3},{"price":81190,"volume":3},{"price":81191,"volume":18},{"price":81192,"volume":21},{"price":81193,"volume":11},{"price":81194,"volume":13},{"price":81195,"volume":5}],"timestamp":1756284976,"ms_timestamp":1756284976945,"existing":false},"guid":"ob-e03e4a93-a8a6-40fb-b93c-a7e8107671e7"}
{"data":{"snapshot":true,"bids":[{"price":81170,"volume":2},{"price":81167,"volume":15},{"price":81166,"volume":5},{"price":81165,"volume":11},{"price":81164,"volume":5},{"price":81163,"volume":5},{"price":81162,"volume":5},{"price":81161,"volume":15},{"price":81160,"volume":15},{"price":81159,"volume":18},{"price":81158,"volume":24},{"price":81157,"volume":19},{"price":81156,"volume":107},{"price":81155,"volume":5},{"price":81154,"volume":23},{"price":81153,"volume":28},{"price":81152,"volume":3},{"price":81151,"volume":26},{"price":81150,"volume":10},{"price":81149,"volume":2}],"asks":[{"price":81172,"volume":7},{"price":81173,"volume":7},{"price":81174,"volume":9},{"price":81175,"volume":17},{"price":81178,"volume":6},{"price":81180,"volume":19},{"price":81181,"volume":9},{"price":81182,"volume":12},{"price":81183,"volume":500},{"price":81184,"volume":3},{"price":81185,"volume":5},{"price":81186,"volume":27},{"price":81187,"volume":16},{"price":81188,"volume":5},{"price":81189,"volume":3},{"price":81190,"volume":3},{"price":81191,"volume":18},{"price":81192,"volume":43},{"price":81193,"volume":33},{"price":81194,"volume":13}],"timestamp":1756284977,"ms_timestamp":1756284977006,"existing":false},"guid":"ob-e03e4a93-a8a6-40fb-b93c-a7e8107671e7"}
{"data":{"snapshot":true,"bids":[{"price":81170,"volume":2},{"price":81167,"volume":15},{"price":81166,"volume":5},{"price":81165,"volume":11},{"price":81164,"volume":5},{"price":81163,"volume":5},{"price":81162,"volume":5},{"price":81161,"volume":15},{"price":81160,"volume":15},{"price":81159,"volume":18},{"price":81158,"volume":24},{"price":81157,"volume":19},{"price":81156,"volume":105},{"price":81155,"volume":4},{"price":81154,"volume":23},{"price":81153,"volume":28},{"price":81152,"volume":4},{"price":81151,"volume":25},{"price":81150,"volume":10},{"price":81149,"volume":2}],"asks":[{"price":81172,"volume":7},{"price":81173,"volume":7},{"price":81174,"volume":9},{"price":81175,"volume":17},{"price":81178,"volume":6},{"price":81180,"volume":19},{"price":81181,"volume":9},{"price":81182,"volume":12},{"price":81183,"volume":500},{"price":81184,"volume":3},{"price":81185,"volume":5},{"price":81186,"volume":27},{"price":81187,"volume":16},{"price":81188,"volume":5},{"price":81189,"volume":3},{"price":81190,"volume":3},{"price":81191,"volume":18},{"price":81192,"volume":43},{"price":81193,"volume":33},{"price":81194,"volume":13}],"timestamp":1756284977,"ms_timestamp":1756284977050,"existing":false},"guid":"ob-e03e4a93-a8a6-40fb-b93c-a7e8107671e7"}
{"data":{"snapshot":true,"bids":[{"price":81170,"volume":2},{"price":81167,"volume":15},{"price":81166,"volume":5},{"price":81165,"volume":11},{"price":81164,"volume":5},{"price":81163,"volume":5},{"price":81162,"volume":5},{"price":81161,"volume":24},{"price":81160,"volume":6},{"price":81159,"volume":18},{"price":81158,"volume":24},{"price":81157,"volume":19},{"price":81156,"volume":105},{"price":81155,"volume":4},{"price":81154,"volume":23},{"price":81153,"volume":28},{"price":81152,"volume":4},{"price":81151,"volume":25},{"price":81150,"volume":10},{"price":81149,"volume":2}],"asks":[{"price":81172,"volume":7},{"price":81173,"volume":7},{"price":81174,"volume":9},{"price":81175,"volume":17},{"price":81178,"volume":6},{"price":81180,"volume":19},{"price":81181,"volume":14},{"price":81182,"volume":12},{"price":81183,"volume":500},{"price":81184,"volume":3},{"price":81185,"volume":5},{"price":81186,"volume":27},{"price":81187,"volume":16},{"price":81188,"volume":5},{"price":81189,"volume":3},{"price":81190,"volume":3},{"price":81191,"volume":18},{"price":81192,"volume":43},{"price":81193,"volume":33},{"price":81194,"volume":13}],"timestamp":1756284977,"ms_timestamp":1756284977121,"existing":false},"guid":"ob-e03e4a93-a8a6-40fb-b93c-a7e8107671e7"}
{"data":{"snapshot":true,"bids":[{"price":81170,"volume":2},{"price":81167,"volume":15},{"price":81166,"volume":5},{"price":81165,"volume":11},{"price":81164,"volume":5},{"price":81163,"volume":5},{"price":81162,"volume":5},{"price":81161,"volume":24},{"price":81160,"volume":6},{"price":81159,"volume":18},{"price":81158,"volume":24},{"price":81157,"volume":19},{"price":81156,"volume":105},{"price":81155,"volume":4},{"price":81154,"volume":23},{"price":81153,"volume":28},{"price":81152,"volume":4},{"price":81151,"volume":25},{"price":81150,"volume":10},{"price":81149,"volume":2}],"asks":[{"price":81171,"volume":1},{"price":81172,"volume":1},{"price":81173,"volume":6},{"price":81174,"volume":9},{"price":81175,"volume":17},{"price":81178,"volume":6},{"price":81180,"volume":19},{"price":81181,"volume":14},{"price":81182,"volume":12},{"price":81183,"volume":500},{"price":81184,"volume":3},{"price":81185,"volume":5},{"price":81186,"volume":27},{"price":81187,"volume":16},{"price":81188,"volume":5},{"price":81189,"volume":3},{"price":81190,"volume":3},{"price":81191,"volume":18},{"price":81192,"volume":43},{"price":81193,"volume":33}],"timestamp":1756284977,"ms_timestamp":1756284977132,"existing":false},"guid":"ob-e03e4a93-a8a6-40fb-b93c-a7e8107671e7"}
{"data":{"id":1892950919532850200,"orderno":0,"symbol":"SI-9.25","board":"RFUD","qty":1,"price":81171,"time":"2025-08-27T08:56:17.2098700Z","timestamp":1756284977209,"oi":7301636,"existing":false,"side":"buy"},"guid":"tr-a9bf1c4b-2673-412c-ac50-a45eec2b9bb3"}
{"data":{"id":1892950919532850200,"orderno":0,"symbol":"SI-9.25","board":"RFUD","qty":1,"price":81172,"time":"2025-08-27T08:56:17.2098700Z","timestamp":1756284977209,"oi":7301622,"existing":false,"side":"buy"},"guid":"tr-a9bf1c4b-2673-412c-ac50-a45eec2b9bb3"}
{"data":{"id":1892950919532850200,"orderno":0,"symbol":"SI-9.25","board":"RFUD","qty":3,"price":81172,"time":"2025-08-27T08:56:17.2098700Z","timestamp":1756284977209,"oi":7301622,"existing":false,"side":"buy"},"guid":"tr-a9bf1c4b-2673-412c-ac50-a45eec2b9bb3"}
{"data":{"id":1892950919532850200,"orderno":0,"symbol":"SI-9.25","board":"RFUD","qty":6,"price":81171,"time":"2025-08-27T08:56:17.2098700Z","timestamp":1756284977209,"oi":7301624,"existing":false,"side":"buy"},"guid":"tr-a9bf1c4b-2673-412c-ac50-a45eec2b9bb3"}
{"data":{"id":1892950919532850200,"orderno":0,"symbol":"SI-9.25","board":"RFUD","qty":6,"price":81172,"time":"2025-08-27T08:56:17.2098700Z","timestamp":1756284977209,"oi":7301622,"existing":false,"side":"buy"},"guid":"tr-a9bf1c4b-2673-412c-ac50-a45eec2b9bb3"}
{"data":{"id":1892950919532850200,"orderno":0,"symbol":"SI-9.25","board":"RFUD","qty":3,"price":81173,"time":"2025-08-27T08:56:17.2098700Z","timestamp":1756284977209,"oi":7301622,"existing":false,"side":"buy"},"guid":"tr-a9bf1c4b-2673-412c-ac50-a45eec2b9bb3"}
{"data":{"snapshot":true,"bids":[{"price":81170,"volume":2},{"price":81167,"volume":15},{"price":81166,"volume":12},{"price":81165,"volume":7},{"price":81164,"volume":8},{"price":81163,"volume":5},{"price":81162,"volume":14},{"price":81161,"volume":15},{"price":81160,"volume":6},{"price":81159,"volume":33},{"price":81158,"volume":24},{"price":81157,"volume":19},{"price":81156,"volume":105},{"price":81155,"volume":4},{"price":81154,"volume":23},{"price":81153,"volume":28},{"price":81152,"volume":4},{"price":81151,"volume":25},{"price":81150,"volume":10},{"price":81149,"volume":3}],"asks":[{"price":81173,"volume":4},{"price":81174,"volume":9},{"price":81175,"volume":14},{"price":81177,"volume":4},{"price":81178,"volume":505},{"price":81180,"volume":17},{"price":81181,"volume":15},{"price":81182,"volume":13},{"price":81183,"volume":3},{"price":81184,"volume":3},{"price":81185,"volume":5},{"price":81186,"volume":27},{"price":81187,"volume":16},{"price":81188,"volume":5},{"price":81189,"volume":3},{"price":81190,"volume":3},{"price":81191,"volume":18},{"price":81192,"volume":43},{"price":81193,"volume":35},{"price":81194,"volume":26}],"timestamp":1756284977,"ms_timestamp":1756284977226,"existing":false},"guid":"ob-e03e4a93-a8a6-40fb-b93c-a7e8107671e7"}
{"data":{"snapshot":true,"bids":[{"price":81170,"volume":2},{"price":81167,"volume":15},{"price":81166,"volume":12},{"price":81165,"volume":7},{"price":81164,"volume":8},{"price":81163,"volume":14},{"price":81162,"volume":5},{"price":81161,"volume":15},{"price":81160,"volume":6},{"price":81159,"volume":33},{"price":81158,"volume":24},{"price":81157,"volume":19},{"price":81156,"volume":105},{"price":81155,"volume":4},{"price":81154,"volume":23},{"price":81153,"volume":28},{"price":81152,"volume":4},{"price":81151,"volume":25},{"price":81150,"volume":10},{"price":81149,"volume":3}],"asks":[{"price":81173,"volume":4},{"price":81174,"volume":9},{"price":81175,"volume":14},{"price":81176,"volume":2},{"price":81177,"volume":17},{"price":81178,"volume":505},{"price":81180,"volume":2},{"price":81181,"volume":15},{"price":81182,"volume":13},{"price":81183,"volume":3},{"price":81184,"volume":3},{"price":81185,"volume":5},{"price":81186,"volume":27},{"price":81187,"volume":16},{"price":81188,"volume":5},{"price":81189,"volume":3},{"price":81190,"volume":3},{"price":81191,"volume":18},{"price":81192,"volume":43},{"price":81193,"volume":35}],"timestamp":1756284977,"ms_timestamp":1756284977236,"existing":false},"guid":"ob-e03e4a93-a8a6-40fb-b93c-a7e8107671e7"}
{"data":{"snapshot":true,"bids":[{"price":81168,"volume":19},{"price":81167,"volume":22},{"price":81166,"volume":12},{"price":81165,"volume":10},{"price":81164,"volume":14},{"price":81163,"volume":5},{"price":81162,"volume":5},{"price":81161,"volume":15},{"price":81160,"volume":11},{"price":81159,"volume":18},{"price":81158,"volume":24},{"price":81157,"volume":19},{"price":81156,"volume":105},{"price":81155,"volume":4},{"price":81154,"volume":23},{"price":81153,"volume":28},{"price":81152,"volume":4},{"price":81151,"volume":25},{"price":81150,"volume":10},{"price":81149,"volume":3}],"asks":[{"price":81173,"volume":1},{"price":81174,"volume":3},{"price":81175,"volume":14},{"price":81176,"volume":4},{"price":81177,"volume":17},{"price":81178,"volume":514},{"price":81181,"volume":15},{"price":81182,"volume":13},{"price":81183,"volume":3},{"price":81184,"volume":3},{"price":81185,"volume":5},{"price":81186,"volume":27},{"price":81187,"volume":16},{"price":81188,"volume":5},{"price":81189,"volume":3},{"price":81190,"volume":3},{"price":81191,"volume":18},{"price":81192,"volume":43},{"price":81193,"volume":35},{"price":81194,"volume":26}],"timestamp":1756284977,"ms_timestamp":1756284977308,"existing":false},"guid":"ob-e03e4a93-a8a6-40fb-b93c-a7e8107671e7"}
{"data":{"snapshot":true,"bids":[{"price":81168,"volume":11},{"price":81167,"volume":15},{"price":81166,"volume":12},{"price":81165,"volume":7},{"price":81164,"volume":17},{"price":81163,"volume":5},{"price":81162,"volume":5},{"price":81161,"volume":15},{"price":81160,"volume":11},{"price":81159,"volume":18},{"price":81158,"volume":24},{"price":81157,"volume":19},{"price":81156,"volume":105},{"price":81155,"volume":4},{"price":81154,"volume":23},{"price":81153,"volume":28},{"price":81152,"volume":4},{"price":81151,"volume":25},{"price":81150,"volume":10},{"price":81149,"volume":3}],"asks":[{"price":81173,"volume":4},{"price":81175,"volume":23},{"price":81176,"volume":4},{"price":81177,"volume":17},{"price":81178,"volume":505},{"price":81181,"volume":15},{"price":81182,"volume":13},{"price":81183,"volume":3},{"price":81184,"volume":3},{"price":81185,"volume":5},{"price":81186,"volume":27},{"price":81187,"volume":16},{"price":81188,"volume":5},{"price":81189,"volume":3},{"price":81190,"volume":3},{"price":81191,"volume":18},{"price":81192,"volume":43},{"price":81193,"volume":35},{"price":81194,"volume":26},{"price":81195,"volume":15}],"timestamp":1756284977,"ms_timestamp":1756284977393,"existing":false},"guid":"ob-e03e4a93-a8a6-40fb-b93c-a7e8107671e7"}
{"data":{"snapshot":true,"bids":[{"price":81168,"volume":18},{"price":81167,"volume":24},{"price":81166,"volume":12},{"price":81165,"volume":10},{"price":81164,"volume":14},{"price":81163,"volume":5},{"price":81162,"volume":5},{"price":81161,"volume":15},{"price":81160,"volume":11},{"price":81159,"volume":18},{"price":81158,"volume":24},{"price":81157,"volume":19},{"price":81156,"volume":105},{"price":81155,"volume":4},{"price":81154,"volume":23},{"price":81153,"volume":28},{"price":81152,"volume":4},{"price":81151,"volume":25},{"price":81150,"volume":10},{"price":81149,"volume":3}],"asks":[{"price":81173,"volume":4},{"price":81175,"volume":23},{"price":81176,"volume":4},{"price":81177,"volume":17},{"price":81178,"volume":505},{"price":81181,"volume":15},{"price":81182,"volume":13},{"price":81183,"volume":3},{"price":81184,"volume":3},{"price":81185,"volume":5},{"price":81186,"volume":27},{"price":81187,"volume":16},{"price":81188,"volume":5},{"price":81189,"volume":3},{"price":81190,"volume":3},{"price":81191,"volume":18},{"price":81192,"volume":43},{"price":81193,"volume":35},{"price":81194,"volume":26},{"price":81195,"volume":15}],"timestamp":1756284977,"ms_timestamp":1756284977444,"existing":false},"guid":"ob-e03e4a93-a8a6-40fb-b93c-a7e8107671e7"}
{"data":{"snapshot":true,"bids":[{"price":81167,"volume":15},{"price":81165,"volume":5},{"price":81163,"volume":2},{"price":81162,"volume":5},{"price":81161,"volume":12},{"price":81160,"volume":9},{"price":81159,"volume":3},{"price":81158,"volume":25},{"price":81157,"volume":24},{"price":81156,"volume":105},{"price":81155,"volume":4},{"price":81154,"volume":23},{"price":81153,"volume":43},{"price":81152,"volume":13},{"price":81151,"volume":15},{"price":81150,"volume":10},{"price":81149,"volume":3},{"price":81148,"volume":24},{"price":81147,"volume":19},{"price":81146,"volume":18}],"asks":[{"price":81171,"volume":9},{"price":81172,"volume":15},{"price":81173,"volume":18},{"price":81174,"volume":25},{"price":81175,"volume":14},{"price":81177,"volume":17},{"price":81178,"volume":506},{"price":81179,"volume":1},{"price":81180,"volume":3},{"price":81181,"volume":15},{"price":81182,"volume":13},{"price":81183,"volume":5},{"price":81184,"volume":5},{"price":81185,"volume":42},{"price":81186,"volume":44},{"price":81187,"volume":3},{"price":81188,"volume":7},{"price":81189,"volume":5},{"price":81190,"volume":5},{"price":81191,"volume":20}],"timestamp":1756284977,"ms_timestamp":1756284977514,"existing":false},"guid":"ob-e03e4a93-a8a6-40fb-b93c-a7e8107671e7"}
{"data":{"snapshot":true,"bids":[{"price":81167,"volume":54},{"price":81165,"volume":5},{"price":81163,"volume":5},{"price":81162,"volume":4},{"price":81161,"volume":12},{"price":81160,"volume":9},{"price":81159,"volume":3},{"price":81158,"volume":23},{"price":81157,"volume":22},{"price":81156,"volume":105},{"price":81155,"volume":4},{"price":81154,"volume":38},{"price":81153,"volume":28},{"price":81152,"volume":13},{"price":81151,"volume":15},{"price":81150,"volume":10},{"price":81149,"volume":3},{"price":81148,"volume":24},{"price":81147,"volume":13},{"price":81146,"volume":18}],"asks":[{"price":81171,"volume":42},{"price":81172,"volume":7},{"price":81173,"volume":1},{"price":81174,"volume":15},{"price":81175,"volume":14},{"price":81177,"volume":17},{"price":81178,"volume":506},{"price":81179,"volume":1},{"price":81180,"volume":3},{"price":81181,"volume":17},{"price":81182,"volume":15},{"price":81183,"volume":5},{"price":81184,"volume":5},{"price":81185,"volume":42},{"price":81186,"volume":44},{"price":81187,"volume":3},{"price":81188,"volume":7},{"price":81189,"volume":5},{"price":81190,"volume":5},{"price":81191,"volume":20}],"timestamp":1756284977,"ms_timestamp":1756284977560,"existing":false},"guid":"ob-e03e4a93-a8a6-40fb-b93c-a7e8107671e7"}
{"data":{"snapshot":true,"bids":[{"price":81167,"volume":54},{"price":81165,"volume":5},{"price":81163,"volume":5},{"price":81162,"volume":4},{"price":81161,"volume":12},{"price":81160,"volume":9},{"price":81159,"volume":3},{"price":81158,"volume":23},{"price":81157,"volume":22},{"price":81156,"volume":105},{"price":81155,"volume":4},{"price":81154,"volume":38},{"price":81153,"volume":28},{"price":81152,"volume":13},{"price":81151,"volume":15},{"price":81150,"volume":10},{"price":81149,"volume":3},{"price":81148,"volume":24},{"price":81147,"volume":13},{"price":81146,"volume":18}],"asks":[{"price":81171,"volume":42},{"price":81172,"volume":7},{"price":81173,"volume":1},{"price":81174,"volume":15},{"price":81175,"volume":14},{"price":81177,"volume":17},{"price":81178,"volume":506},{"price":81179,"volume":1},{"price":81180,"volume":3},{"price":81181,"volume":17},{"price":81182,"volume":15},{"price":81183,"volume":5},{"price":81184,"volume":5},{"price":81185,"volume":42},{"price":81186,"volume":44},{"price":81187,"volume":3},{"price":81188,"volume":7},{"price":81189,"volume":5},{"price":81190,"volume":5},{"price":81191,"volume":20}],"timestamp":1756284977,"ms_timestamp":1756284977592,"existing":false},"guid":"ob-e03e4a93-a8a6-40fb-b93c-a7e8107671e7"}
{"data":{"snapshot":true,"bids":[{"price":81167,"volume":54},{"price":81165,"volume":5},{"price":81163,"volume":5},{"price":81162,"volume":4},{"price":81161,"volume":12},{"price":81160,"volume":9},{"price":81159,"volume":3},{"price":81158,"volume":23},{"price":81157,"volume":22},{"price":81156,"volume":105},{"price":81155,"volume":4},{"price":81154,"volume":38},{"price":81153,"volume":28},{"price":81152,"volume":13},{"price":81151,"volume":15},{"price":81150,"volume":10},{"price":81149,"volume":3},{"price":81148,"volume":24},{"price":81147,"volume":13},{"price":81146,"volume":18}],"asks":[{"price":81171,"volume":42},{"price":81172,"volume":7},{"price":81173,"volume":1},{"price":81174,"volume":15},{"price":81175,"volume":14},{"price":81177,"volume":17},{"price":81178,"volume":506},{"price":81179,"volume":1},{"price":81180,"volume":3},{"price":81181,"volume":17},{"price":81182,"volume":15},{"price":81183,"volume":5},{"price":81184,"volume":5},{"price":81185,"volume":42},{"price":81186,"volume":44},{"price":81187,"volume":3},{"price":81188,"volume":7},{"price":81189,"volume":5},{"price":81190,"volume":5},{"price":81191,"volume":20}],"timestamp":1756284977,"ms_timestamp":1756284977697,"existing":false},"guid":"ob-e03e4a93-a8a6-40fb-b93c-a7e8107671e7"}
{"data":{"snapshot":true,"bids":[{"price":81167,"volume":54},{"price":81165,"volume":5},{"price":81163,"volume":5},{"price":81162,"volume":4},{"price":81161,"volume":12},{"price":81160,"volume":9},{"price":81159,"volume":3},{"price":81158,"volume":23},{"price":81157,"volume":22},{"price":81156,"volume":103},{"price":81155,"volume":4},{"price":81154,"volume":47},{"price":81153,"volume":28},{"price":81152,"volume":4},{"price":81151,"volume":15},{"price":81150,"volume":10},{"price":81149,"volume":3},{"price":81148,"volume":24},{"price":81147,"volume":13},{"price":81146,"volume":18}],"asks":[{"price":81171,"volume":42},{"price":81172,"volume":7},{"price":81173,"volume":1},{"price":81174,"volume":15},{"price":81175,"volume":14},{"price":81177,"volume":17},{"price":81178,"volume":506},{"price":81179,"volume":1},{"price":81180,"volume":5},{"price":81181,"volume":17},{"price":81182,"volume":15},{"price":81183,"volume":5},{"price":81184,"volume":5},{"price":81185,"volume":42},{"price":81186,"volume":44},{"price":81187,"volume":3},{"price":81188,"volume":7},{"price":81189,"volume":5},{"price":81190,"volume":5},{"price":81191,"volume":20}],"timestamp":1756284977,"ms_timestamp":1756284977718,"existing":false},"guid":"ob-e03e4a93-a8a6-40fb-b93c-a7e8107671e7"}
{"data":{"snapshot":true,"bids":[{"price":81167,"volume":54},{"price":81165,"volume":5},{"price":81164,"volume":3},{"price":81163,"volume":2},{"price":81162,"volume":4},{"price":81161,"volume":12},{"price":81160,"volume":4},{"price":81159,"volume":3},{"price":81158,"volume":23},{"price":81157,"volume":31},{"price":81156,"volume":103},{"price":81155,"volume":4},{"price":81154,"volume":38},{"price":81153,"volume":28},{"price":81152,"volume":4},{"price":81151,"volume":15},{"price":81150,"volume":15},{"price":81149,"volume":3},{"price":81148,"volume":24},{"price":81147,"volume":13}],"asks":[{"price":81171,"volume":42},{"price":81172,"volume":4},{"price":81173,"volume":4},{"price":81174,"volume":15},{"price":81175,"volume":14},{"price":81177,"volume":17},{"price":81178,"volume":506},{"price":81179,"volume":1},{"price":81180,"volume":5},{"price":81181,"volume":17},{"price":81182,"volume":15},{"price":81183,"volume":5},{"price":81184,"volume":5},{"price":81185,"volume":42},{"price":81186,"volume":44},{"price":81187,"volume":3},{"price":81188,"volume":7},{"price":81189,"volume":5},{"price":81190,"volume":5},{"price":81191,"volume":20}],"timestamp":1756284977,"ms_timestamp":1756284977800,"existing":false},"guid":"ob-e03e4a93-a8a6-40fb-b93c-a7e8107671e7"}
{"data":{"snapshot":true,"bids":[{"price":81167,"volume":54},{"price":81165,"volume":5},{"price":81164,"volume":3},{"price":81163,"volume":2},{"price":81162,"volume":4},{"price":81161,"volume":12},{"price":81160,"volume":4},{"price":81159,"volume":3},{"price":81158,"volume":23},{"price":81157,"volume":31},{"price":81156,"volume":103},{"price":81155,"volume":4},{"price":81154,"volume":38},{"price":81153,"volume":28},{"price":81152,"volume":4},{"price":81151,"volume":35},{"price":81150,"volume":15},{"price":81149,"volume":3},{"price":81148,"volume":24},{"price":81147,"volume":13}],"asks":[{"price":81171,"volume":42},{"price":81172,"volume":4},{"price":81173,"volume":4},{"price":81174,"volume":15},{"price":81175,"volume":14},{"price":81177,"volume":17},{"price":81178,"volume":506},{"price":81179,"volume":1},{"price":81180,"volume":5},{"price":81181,"volume":7},{"price":81182,"volume":15},{"price":81183,"volume":5},{"price":81184,"volume":5},{"price":81185,"volume":42},{"price":81186,"volume":44},{"price":81187,"volume":3},{"price":81188,"volume":7},{"price":81189,"volume":5},{"price":81190,"volume":5},{"price":81191,"volume":20}],"timestamp":1756284977,"ms_timestamp":1756284977873,"existing":false},"guid":"ob-e03e4a93-a8a6-40fb-b93c-a7e8107671e7"}
{"data":{"snapshot":true,"bids":[{"price":81167,"volume":54},{"price":81165,"volume":5},{"price":81164,"volume":3},{"price":81163,"volume":2},{"price":81162,"volume":4},{"price":81161,"volume":12},{"price":81160,"volume":4},{"price":81159,"volume":3},{"price":81158,"volume":23},{"price":81157,"volume":31},{"price":81156,"volume":103},{"price":81155,"volume":4},{"price":81154,"volume":38},{"price":81153,"volume":28},{"price":81152,"volume":4},{"price":81151,"volume":35},{"price":81150,"volume":15},{"price":81149,"volume":3},{"price":81148,"volume":24},{"price":81147,"volume":13}],"asks":[{"price":81171,"volume":42},{"price":81172,"volume":4},{"price":81173,"volume":4},{"price":81174,"volume":15},{"price":81175,"volume":14},{"price":81177,"volume":17},{"price":81178,"volume":506},{"price":81179,"volume":1},{"price":81180,"volume":5},{"price":81181,"volume":7},{"price":81182,"volume":15},{"price":81183,"volume":5},{"price":81184,"volume":5},{"price":81185,"volume":42},{"price":81186,"volume":44},{"price":81187,"volume":3},{"price":81188,"volume":7},{"price":81189,"volume":5},{"price":81190,"volume":5},{"price":81191,"volume":20}],"timestamp":1756284977,"ms_timestamp":1756284977906,"existing":false},"guid":"ob-e03e4a93-a8a6-40fb-b93c-a7e8107671e7"}
{"data":{"snapshot":true,"bids":[{"price":81167,"volume":54},{"price":81165,"volume":5},{"price":81164,"volume":3},{"price":81163,"volume":2},{"price":81162,"volume":4},{"price":81161,"volume":12},{"price":81160,"volume":4},{"price":81159,"volume":3},{"price":81158,"volume":23},{"price":81157,"volume":31},{"price":81156,"volume":103},{"price":81155,"volume":4},{"price":81154,"volume":38},{"price":81153,"volume":28},{"price":81152,"volume":4},{"price":81151,"volume":35},{"price":81150,"volume":15},{"price":81149,"volume":3},{"price":81148,"volume":24},{"price":81147,"volume":13}],"asks":[{"price":81171,"volume":42},{"price":81172,"volume":4},{"price":81173,"volume":4},{"price":81174,"volume":15},{"price":81175,"volume":14},{"price":81177,"volume":17},{"price":81178,"volume":506},{"price":81179,"volume":1},{"price":81180,"volume":5},{"price":81181,"volume":7},{"price":81182,"volume":15},{"price":81183,"volume":5},{"price":81184,"volume":5},{"price":81185,"volume":42},{"price":81186,"volume":44},{"price":81187,"volume":3},{"price":81188,"volume":7},{"price":81189,"volume":5},{"price":81190,"volume":5},{"price":81191,"volume":20}],"timestamp":1756284977,"ms_timestamp":1756284977947,"existing":false},"guid":"ob-e03e4a93-a8a6-40fb-b93c-a7e8107671e7"}
{"data":{"snapshot":true,"bids":[{"price":81167,"volume":54},{"price":81165,"volume":5},{"price":81164,"volume":3},{"price":81163,"volume":2},{"price":81162,"volume":4},{"price":81161,"volume":12},{"price":81160,"volume":4},{"price":81159,"volume":3},{"price":81158,"volume":23},{"price":81157,"volume":31},{"price":81156,"volume":103},{"price":81155,"volume":4},{"price":81154,"volume":38},{"price":81153,"volume":28},{"price":81152,"volume":4},{"price":81151,"volume":35},{"price":81150,"volume":15},{"price":81149,"volume":3},{"price":81148,"volume":24},{"price":81147,"volume":13}],"asks":[{"price":81171,"volume":42},{"price":81172,"volume":4},{"price":81173,"volume":4},{"price":81174,"volume":15},{"price":81175,"volume":14},{"price":81177,"volume":17},{"price":81178,"volume":506},{"price":81179,"volume":1},{"price":81180,"volume":5},{"price":81181,"volume":7},{"price":81182,"volume":15},{"price":81183,"volume":5},{"price":81184,"volume":5},{"price":81185,"volume":42},{"price":81186,"volume":44},{"price":81187,"volume":3},{"price":81188,"volume":7},{"price":81189,"volume":5},{"price":81190,"volume":5},{"price":81191,"volume":20}],"timestamp":1756284978,"ms_timestamp":1756284978020,"existing":false},"guid":"ob-e03e4a93-a8a6-40fb-b93c-a7e8107671e7"}
{"data":{"snapshot":true,"bids":[{"price":81167,"volume":54},{"price":81165,"volume":5},{"price":81164,"volume":3},{"price":81163,"volume":2},{"price":81162,"volume":4},{"price":81161,"volume":12},{"price":81160,"volume":4},{"price":81159,"volume":3},{"price":81158,"volume":23},{"price":81157,"volume":31},{"price":81156,"volume":103},{"price":81155,"volume":4},{"price":81154,"volume":38},{"price":81153,"volume":28},{"price":81152,"volume":4},{"price":81151,"volume":35},{"price":81150,"volume":15},{"price":81149,"volume":3},{"price":81148,"volume":24},{"price":81147,"volume":13}],"asks":[{"price":81171,"volume":42},{"price":81172,"volume":4},{"price":81173,"volume":4},{"price":81174,"volume":15},{"price":81175,"volume":14},{"price":81177,"volume":17},{"price":81178,"volume":502},{"price":81179,"volume":1},{"price":81180,"volume":5},{"price":81181,"volume":7},{"price":81182,"volume":15},{"price":81183,"volume":5},{"price":81184,"volume":5},{"price":81185,"volume":42},{"price":81186,"volume":44},{"price":81187,"volume":3},{"price":81188,"volume":7},{"price":81189,"volume":5},{"price":81190,"volume":5},{"price":81191,"volume":20}],"timestamp":1756284978,"ms_timestamp":1756284978135,"existing":false},"guid":"ob-e03e4a93-a8a6-40fb-b93c-a7e8107671e7"}
{"data":{"id":1892950919532850200,"orderno":0,"symbol":"SI-9.25","board":"RFUD","qty":9,"price":81171,"time":"2025-08-27T08:56:18.1472000Z","timestamp":1756284978147,"oi":7301622,"existing":false,"side":"buy"},"guid":"tr-a9bf1c4b-2673-412c-ac50-a45eec2b9bb3"}
{"data":{"id":1892950919532850200,"orderno":0,"symbol":"SI-9.25","board":"RFUD","qty":8,"price":81171,"time":"2025-08-27T08:56:18.1472000Z","timestamp":1756284978147,"oi":7301622,"existing":false,"side":"buy"},"guid":"tr-a9bf1c4b-2673-412c-ac50-a45eec2b9bb3"}
{"data":{"id":1892950919532850200,"orderno":0,"symbol":"SI-9.25","board":"RFUD","qty":17,"price":81171,"time":"2025-08-27T08:56:18.1472000Z","timestamp":1756284978147,"oi":7301656,"existing":false,"side":"buy"},"guid":"tr-a9bf1c4b-2673-412c-ac50-a45eec2b9bb3"}
{"data":{"snapshot":true,"bids":[{"price":81167,"volume":15},{"price":81165,"volume":5},{"price":81162,"volume":4},{"price":81161,"volume":2},{"price":81160,"volume":5},{"price":81159,"volume":15},{"price":81158,"volume":13},{"price":81157,"volume":2},{"price":81156,"volume":3},{"price":81155,"volume":4},{"price":81154,"volume":27},{"price":81153,"volume":23},{"price":81152,"volume":14},{"price":81151,"volume":15},{"price":81150,"volume":50},{"price":81149,"volume":28},{"price":81148,"volume":4},{"price":81147,"volume":33},{"price":81146,"volume":18},{"price":81145,"volume":9}],"asks":[{"price":81168,"volume":2},{"price":81169,"volume":23},{"price":81170,"volume":11},{"price":81171,"volume":9},{"price":81172,"volume":4},{"price":81173,"volume":500},{"price":81175,"volume":14},{"price":81178,"volume":3},{"price":81179,"volume":3},{"price":81180,"volume":5},{"price":81181,"volume":9},{"price":81182,"volume":15},{"price":81183,"volume":5},{"price":81184,"volume":5},{"price":81185,"volume":27},{"price":81186,"volume":44},{"price":81187,"volume":18},{"price":81188,"volume":7},{"price":81189,"volume":5},{"price":81190,"volume":5}],"timestamp":1756284978,"ms_timestamp":1756284978190,"existing":false},"guid":"ob-e03e4a93-a8a6-40fb-b93c-a7e8107671e7"}
{"data":{"id":1892950919532850200,"orderno":0,"symbol":"SI-9.25","board":"RFUD","qty":1,"price":81168,"time":"2025-08-27T08:56:18.1824880Z","timestamp":1756284978182,"oi":7301658,"existing":false,"side":"buy"},"guid":"tr-a9bf1c4b-2673-412c-ac50-a45eec2b9bb3"}
{"data":{"id":1892950919532850200,"orderno":0,"symbol":"SI-9.25","board":"RFUD","qty":2,"price":81167,"time":"2025-08-27T08:56:18.2101480Z","timestamp":1756284978210,"oi":7301658,"existing":false,"side":"sell"},"guid":"tr-a9bf1c4b-2673-412c-ac50-a45eec2b9bb3"}
{"data":{"id":1892950919532850200,"orderno":0,"symbol":"SI-9.25","board":"RFUD","qty":13,"price":81167,"time":"2025-08-27T08:56:18.2105740Z","timestamp":1756284978210,"oi":7301658,"existing":false,"side":"sell"},"guid":"tr-a9bf1c4b-2673-412c-ac50-a45eec2b9bb3"}
{"data":{"id":1892950919532850200,"orderno":0,"symbol":"SI-9.25","board":"RFUD","qty":5,"price":81165,"time":"2025-08-27T08:56:18.2110480Z","timestamp":1756284978211,"oi":7301668,"existing":false,"side":"sell"},"guid":"tr-a9bf1c4b-2673-412c-ac50-a45eec2b9bb3"}
{"data":{"snapshot":true,"bids":[{"price":81158,"volume":20},{"price":81157,"volume":1},{"price":81156,"volume":2},{"price":81155,"volume":1},{"price":81153,"volume":3},{"price":81152,"volume":11},{"price":81151,"volume":22},{"price":81150,"volume":12},{"price":81149,"volume":25},{"price":81148,"volume":19},{"price":81147,"volume":122},{"price":81146,"volume":3},{"price":81145,"volume":9},{"price":81144,"volume":4},{"price":81143,"volume":4},{"price":81142,"volume":3},{"price":81141,"volume":25},{"price":81140,"volume":29},{"price":81139,"volume":7},{"price":81138,"volume":4}],"asks":[{"price":81162,"volume":15},{"price":81163,"volume":9},{"price":81164,"volume":15},{"price":81165,"volume":7},{"price":81166,"volume":3},{"price":81168,"volume":103},{"price":81169,"volume":61},{"price":81171,"volume":1},{"price":81172,"volume":7},{"price":81173,"volume":508},{"price":81174,"volume":43},{"price":81175,"volume":42},{"price":81176,"volume":8},{"price":81177,"volume":3},{"price":81178,"volume":5},{"price":81179,"volume":5},{"price":81180,"volume":30},{"price":81181,"volume":11},{"price":81182,"volume":14},{"price":81183,"volume":4}],"timestamp":1756284978,"ms_timestamp":1756284978239,"existing":false},"guid":"ob-e03e4a93-a8a6-40fb-b93c-a7e8107671e7"}
{"data":{"id":1892950919532850200,"orderno":0,"symbol":"SI-9.25","board":"RFUD","qty":1,"price":81162,"time":"2025-08-27T08:56:18.2130010Z","timestamp":1756284978213,"oi":7301668,"existing":false,"side":"sell"},"guid":"tr-a9bf1c4b-2673-412c-ac50-a45eec2b9bb3"}
{"data":{"id":1892950919532850200,"orderno":0,"symbol":"SI-9.25","board":"RFUD","qty":1,"price":81162,"time":"2025-08-27T08:56:18.2130010Z","timestamp":1756284978213,"oi":7301666,"existing":false,"side":"sell"},"guid":"tr-a9bf1c4b-2673-412c-ac50-a45eec2b9bb3"}
{"data":{"id":1892950919532850200,"orderno":0,"symbol":"SI-9.25","board":"RFUD","qty":2,"price":81162,"time":"2025-08-27T08:56:18.2130010Z","timestamp":1756284978213,"oi":7301666,"existing":false,"side":"sell"},"guid":"tr-a9bf1c4b-2673-412c-ac50-a45eec2b9bb3"}
{"data":{"id":1892950919532850200,"orderno":0,"symbol":"SI-9.25","board":"RFUD","qty":1,"price":81161,"time":"2025-08-27T08:56:18.2130010Z","timestamp":1756284978213,"oi":7301666,"existing":false,"side":"sell"},"guid":"tr-a9bf1c4b-2673-412c-ac50-a45eec2b9bb3"}
{"data":{"id":1892950919532850200,"orderno":0,"symbol":"SI-9.25","board":"RFUD","qty":1,"price":81161,"time":"2025-08-27T08:56:18.2130010Z","timestamp":1756284978213,"oi":7301664,"existing":false,"side":"sell"},"guid":"tr-a9bf1c4b-2673-412c-ac50-a45eec2b9bb3"}
{"data":{"id":1892950919532850200,"orderno":0,"symbol":"SI-9.25","board":"RFUD","qty":2,"price":81160,"time":"2025-08-27T08:56:18.2130010Z","timestamp":1756284978213,"oi":7301662,"existing":false,"side":"sell"},"guid":"tr-a9bf1c4b-2673-412c-ac50-a45eec2b9bb3"}
{"data":{"id":1892950919532850200,"orderno":0,"symbol":"SI-9.25","board":"RFUD","qty":1,"price":81160,"time":"2025-08-27T08:56:18.2130010Z","timestamp":1756284978213,"oi":7301660,"existing":false,"side":"sell"},"guid":"tr-a9bf1c4b-2673-412c-ac50-a45eec2b9bb3"}
{"data":{"id":1892950919532850200,"orderno":0,"symbol":"SI-9.25","board":"RFUD","qty":2,"price":81160,"time":"2025-08-27T08:56:18.2130010Z","timestamp":1756284978213,"oi":7301660,"existing":false,"side":"sell"},"guid":"tr-a9bf1c4b-2673-412c-ac50-a45eec2b9bb3"}
{"data":{"id":1892950919532850200,"orderno":0,"symbol":"SI-9.25","board":"RFUD","qty":2,"price":81159,"time":"2025-08-27T08:56:18.2130010Z","timestamp":1756284978213,"oi":7301660,"existing":false,"side":"sell"},"guid":"tr-a9bf1c4b-2673-412c-ac50-a45eec2b9bb3"}
{"data":{"snapshot":true,"bids":[{"price":81159,"volume":17},{"price":81158,"volume":1},{"price":81157,"volume":1},{"price":81156,"volume":2},{"price":81155,"volume":1},{"price":81152,"volume":14},{"price":81151,"volume":22},{"price":81150,"volume":12},{"price":81149,"volume":25},{"price":81148,"volume":20},{"price":81147,"volume":122},{"price":81146,"volume":3},{"price":81145,"volume":9},{"price":81144,"volume":4},{"price":81143,"volume":4},{"price":81142,"volume":3},{"price":81141,"volume":25},{"price":81140,"volume":29},{"price":81139,"volume":7},{"price":81138,"volume":4}],"asks":[{"price":81160,"volume":30},{"price":81162,"volume":8},{"price":81163,"volume":25},{"price":81164,"volume":18},{"price":81165,"volume":4},{"price":81166,"volume":1},{"price":81167,"volume":3},{"price":81168,"volume":79},{"price":81169,"volume":62},{"price":81170,"volume":1},{"price":81171,"volume":1},{"price":81172,"volume":7},{"price":81173,"volume":508},{"price":81174,"volume":43},{"price":81175,"volume":62},{"price":81176,"volume":10},{"price":81177,"volume":20},{"price":81178,"volume":5},{"price":81179,"volume":5},{"price":81180,"volume":10}],"timestamp":1756284978,"ms_timestamp":1756284978292,"existing":false},"guid":"ob-e03e4a93-a8a6-40fb-b93c-a7e8107671e7"}
{"data":{"id":1892950919532850200,"orderno":0,"symbol":"SI-9.25","board":"RFUD","qty":10,"price":81159,"time":"2025-08-27T08:56:18.2998730Z","timestamp":1756284978299,"oi":7301660,"existing":false,"side":"sell"},"guid":"tr-a9bf1c4b-2673-412c-ac50-a45eec2b9bb3"}
{"data":{"id":1892950919532850200,"orderno":0,"symbol":"SI-9.25","board":"RFUD","qty":5,"price":81159,"time":"2025-08-27T08:56:18.2998730Z","timestamp":1756284978299,"oi":7301670,"existing":false,"side":"sell"},"guid":"tr-a9bf1c4b-2673-412c-ac50-a45eec2b9bb3"}
{"data":{"snapshot":true,"bids":[{"price":81159,"volume":2},{"price":81158,"volume":1},{"price":81157,"volume":1},{"price":81156,"volume":2},{"price":81155,"volume":1},{"price":81152,"volume":11},{"price":81151,"volume":22},{"price":81150,"volume":10},{"price":81149,"volume":25},{"price":81148,"volume":1},{"price":81147,"volume":20},{"price":81146,"volume":1},{"price":81145,"volume":9},{"price":81144,"volume":4},{"price":81143,"volume":4},{"price":81142,"volume":3},{"price":81141,"volume":25},{"price":81140,"volume":34},{"price":81139,"volume":7},{"price":81138,"volume":42}],"asks":[{"price":81160,"volume":30},{"price":81162,"volume":8},{"price":81163,"volume":28},{"price":81164,"volume":16},{"price":81165,"volume":5},{"price":81166,"volume":3},{"price":81167,"volume":5},{"price":81168,"volume":79},{"price":81169,"volume":62},{"price":81170,"volume":3},{"price":81171,"volume":3},{"price":81172,"volume":7},{"price":81173,"volume":508},{"price":81174,"volume":43},{"price":81175,"volume":62},{"price":81176,"volume":10},{"price":81177,"volume":20},{"price":81178,"volume":5},{"price":81179,"volume":5},{"price":81180,"volume":10}],"timestamp":1756284978,"ms_timestamp":1756284978346,"existing":false},"guid":"ob-e03e4a93-a8a6-40fb-b93c-a7e8107671e7"}
{"data":{"snapshot":true,"bids":[{"price":81158,"volume":1},{"price":81157,"volume":1},{"price":81156,"volume":2},{"price":81155,"volume":1},{"price":81152,"volume":11},{"price":81151,"volume":22},{"price":81150,"volume":10},{"price":81149,"volume":25},{"price":81148,"volume":1},{"price":81147,"volume":20},{"price":81146,"volume":1},{"price":81145,"volume":9},{"price":81144,"volume":4},{"price":81143,"volume":4},{"price":81142,"volume":3},{"price":81141,"volume":25},{"price":81140,"volume":34},{"price":81139,"volume":7},{"price":81138,"volume":42},{"price":81137,"volume":24}],"asks":[{"price":81160,"volume":30},{"price":81162,"volume":8},{"price":81163,"volume":28},{"price":81164,"volume":16},{"price":81165,"volume":5},{"price":81166,"volume":3},{"price":81167,"volume":5},{"price":81168,"volume":79},{"price":81169,"volume":62},{"price":81170,"volume":3},{"price":81171,"volume":3},{"price":81172,"volume":7},{"price":81173,"volume":508},{"price":81174,"volume":43},{"price":81175,"volume":62},{"price":81176,"volume":10},{"price":81177,"volume":20},{"price":81178,"volume":5},{"price":81179,"volume":5},{"price":81180,"volume":10}],"timestamp":1756284978,"ms_timestamp":1756284978397,"existing":false},"guid":"ob-e03e4a93-a8a6-40fb-b93c-a7e8107671e7"}
{"data":{"snapshot":true,"bids":[{"price":81158,"volume":5},{"price":81157,"volume":1},{"price":81156,"volume":2},{"price":81155,"volume":1},{"price":81152,"volume":14},{"price":81151,"volume":22},{"price":81150,"volume":7},{"price":81149,"volume":25},{"price":81148,"volume":10},{"price":81147,"volume":11},{"price":81146,"volume":11},{"price":81145,"volume":9},{"price":81144,"volume":4},{"price":81143,"volume":4},{"price":81142,"volume":24},{"price":81141,"volume":25},{"price":81140,"volume":34},{"price":81139,"volume":22},{"price":81138,"volume":14},{"price":81137,"volume":24}],"asks":[{"price":81159,"volume":1},{"price":81160,"volume":30},{"price":81162,"volume":8},{"price":81164,"volume":41},{"price":81165,"volume":8},{"price":81166,"volume":3},{"price":81167,"volume":5},{"price":81168,"volume":79},{"price":81169,"volume":62},{"price":81170,"volume":3},{"price":81171,"volume":3},{"price":81172,"volume":8},{"price":81173,"volume":508},{"price":81174,"volume":43},{"price":81175,"volume":62},{"price":81176,"volume":10},{"price":81177,"volume":20},{"price":81178,"volume":5},{"price":81179,"volume":5},{"price":81180,"volume":10}],"timestamp":1756284978,"ms_timestamp":1756284978450,"existing":false},"guid":"ob-e03e4a93-a8a6-40fb-b93c-a7e8107671e7"}
{"data":{"id":1892950919532850200,"orderno":0,"symbol":"SI-9.25","board":"RFUD","qty":1,"price":81158,"time":"2025-08-27T08:56:18.4694520Z","timestamp":1756284978469,"oi":7301668,"existing":false,"side":"sell"},"guid":"tr-a9bf1c4b-2673-412c-ac50-a45eec2b9bb3"}
{"data":{"id":1892950919532850200,"orderno":0,"symbol":"SI-9.25","board":"RFUD","qty":4,"price":81158,"time":"2025-08-27T08:56:18.4694520Z","timestamp":1756284978469,"oi":7301668,"existing":false,"side":"sell"},"guid":"tr-a9bf1c4b-2673-412c-ac50-a45eec2b9bb3"}
{"data":{"snapshot":true,"bids":[{"price":81157,"volume":1},{"price":81156,"volume":2},{"price":81155,"volume":1},{"price":81152,"volume":11},{"price":81151,"volume":25},{"price":81150,"volume":7},{"price":81149,"volume":25},{"price":81148,"volume":10},{"price":81147,"volume":10},{"price":81146,"volume":11},{"price":81145,"volume":9},{"price":81144,"volume":4},{"price":81143,"volume":4},{"price":81142,"volume":3},{"price":81141,"volume":25},{"price":81140,"volume":34},{"price":81139,"volume":22},{"price":81138,"volume":14},{"price":81137,"volume":24},{"price":81136,"volume":15}],"asks":[{"price":81158,"volume":15},{"price":81159,"volume":25},{"price":81160,"volume":19},{"price":81162,"volume":8},{"price":81163,"volume":4},{"price":81164,"volume":41},{"price":81165,"volume":5},{"price":81166,"volume":3},{"price":81167,"volume":5},{"price":81168,"volume":79},{"price":81169,"volume":62},{"price":81170,"volume":5},{"price":81171,"volume":3},{"price":81172,"volume":8},{"price":81173,"volume":508},{"price":81174,"volume":43},{"price":81175,"volume":49},{"price":81176,"volume":10},{"price":81177,"volume":5},{"price":81178,"volume":5}],"timestamp":1756284978,"ms_timestamp":1756284978504,"existing":false},"guid":"ob-e03e4a93-a8a6-40fb-b93c-a7e8107671e7"}
{"data":{"id":1892950919532850200,"orderno":0,"symbol":"SI-9.25","board":"RFUD","qty":1,"price":81157,"time":"2025-08-27T08:56:18.5021900Z","timestamp":1756284978502,"oi":7301668,"existing":false,"side":"sell"},"guid":"tr-a9bf1c4b-2673-412c-ac50-a45eec2b9bb3"}
{"data":{"id":1892950919532850200,"orderno":0,"symbol":"SI-9.25","board":"RFUD","qty":2,"price":81156,"time":"2025-08-27T08:56:18.5021900Z","timestamp":1756284978502,"oi":7301664,"existing":false,"side":"sell"},"guid":"tr-a9bf1c4b-2673-412c-ac50-a45eec2b9bb3"}
{"data":{"id":1892950919532850200,"orderno":0,"symbol":"SI-9.25","board":"RFUD","qty":5,"price":81158,"time":"2025-08-27T08:56:18.5245850Z","timestamp":1756284978524,"oi":7301674,"existing":false,"side":"buy"},"guid":"tr-a9bf1c4b-2673-412c-ac50-a45eec2b9bb3"}
{"data":{"snapshot":true,"bids":[{"price":81155,"volume":1},{"price":81152,"volume":14},{"price":81151,"volume":22},{"price":81150,"volume":7},{"price":81149,"volume":25},{"price":81148,"volume":10},{"price":81147,"volume":10},{"price":81146,"volume":11},{"price":81145,"volume":9},{"price":81144,"volume":4},{"price":81143,"volume":4},{"price":81142,"volume":17},{"price":81141,"volume":50},{"price":81140,"volume":34},{"price":81139,"volume":7},{"price":81138,"volume":14},{"price":81137,"volume":24},{"price":81136,"volume":15},{"price":81135,"volume":18},{"price":81134,"volume":27}],"asks":[{"price":81159,"volume":25},{"price":81160,"volume":19},{"price":81161,"volume":2},{"price":81162,"volume":8},{"price":81163,"volume":5},{"price":81164,"volume":44},{"price":81165,"volume":5},{"price":81166,"volume":3},{"price":81167,"volume":3},{"price":81168,"volume":79},{"price":81169,"volume":62},{"price":81170,"volume":5},{"price":81171,"volume":3},{"price":81172,"volume":8},{"price":81173,"volume":508},{"price":81174,"volume":43},{"price":81175,"volume":49},{"price":81176,"volume":10},{"price":81177,"volume":5},{"price":81178,"volume":5}],"timestamp":1756284978,"ms_timestamp":1756284978546,"existing":false},"guid":"ob-e03e4a93-a8a6-40fb-b93c-a7e8107671e7"}
{"data":{"snapshot":true,"bids":[{"price":81155,"volume":1},{"price":81152,"volume":11},{"price":81151,"volume":22},{"price":81150,"volume":10},{"price":81149,"volume":25},{"price":81148,"volume":10},{"price":81147,"volume":10},{"price":81146,"volume":10},{"price":81145,"volume":9},{"price":81144,"volume":4},{"price":81143,"volume":4},{"price":81142,"volume":17},{"price":81141,"volume":50},{"price":81140,"volume":34},{"price":81139,"volume":22},{"price":81138,"volume":14},{"price":81137,"volume":24},{"price":81136,"volume":15},{"price":81135,"volume":18},{"price":81134,"volume":27}],"asks":[{"price":81159,"volume":31},{"price":81160,"volume":31},{"price":81162,"volume":9},{"price":81163,"volume":5},{"price":81164,"volume":41},{"price":81165,"volume":5},{"price":81166,"volume":3},{"price":81167,"volume":502},{"price":81168,"volume":79},{"price":81169,"volume":62},{"price":81170,"volume":5},{"price":81171,"volume":3},{"price":81172,"volume":8},{"price":81173,"volume":9},{"price":81174,"volume":43},{"price":81175,"volume":49},{"price":81176,"volume":10},{"price":81177,"volume":5},{"price":81178,"volume":5},{"price":81179,"volume":4}],"timestamp":1756284978,"ms_timestamp":1756284978619,"existing":false},"guid":"ob-e03e4a93-a8a6-40fb-b93c-a7e8107671e7"}
{"data":{"id":1892950919532850200,"orderno":0,"symbol":"SI-9.25","board":"RFUD","qty":1,"price":81155,"time":"2025-08-27T08:56:18.6297810Z","timestamp":1756284978629,"oi":7301674,"existing":false,"side":"sell"},"guid":"tr-a9bf1c4b-2673-412c-ac50-a45eec2b9bb3"}
{"data":{"id":1892950919532850200,"orderno":0,"symbol":"SI-9.25","board":"RFUD","qty":1,"price":81152,"time":"2025-08-27T08:56:18.6297810Z","timestamp":1756284978629,"oi":7301674,"existing":false,"side":"buy"},"guid":"tr-a9bf1c4b-2673-412c-ac50-a45eec2b9bb3"}
{"data":{"id":1892950919532850200,"orderno":0,"symbol":"SI-9.25","board":"RFUD","qty":1,"price":81152,"time":"2025-08-27T08:56:18.6297810Z","timestamp":1756284978629,"oi":7301672,"existing":false,"side":"sell"},"guid":"tr-a9bf1c4b-2673-412c-ac50-a45eec2b9bb3"}
{"data":{"id":1892950919532850200,"orderno":0,"symbol":"SI-9.25","board":"RFUD","qty":1,"price":81151,"time":"2025-08-27T08:56:18.6322750Z","timestamp":1756284978632,"oi":7301672,"existing":false,"side":"sell"},"guid":"tr-a9bf1c4b-2673-412c-ac50-a45eec2b9bb3"}
{"data":{"id":1892950919532850200,"orderno":0,"symbol":"SI-9.25","board":"RFUD","qty":1,"price":81151,"time":"2025-08-27T08:56:18.6322980Z","timestamp":1756284978632,"oi":7301672,"existing":false,"side":"sell"},"guid":"tr-a9bf1c4b-2673-412c-ac50-a45eec2b9bb3"}
{"data":{"id":1892950919532850200,"orderno":0,"symbol":"SI-9.25","board":"RFUD","qty":1,"price":81151,"time":"2025-08-27T08:56:18.6322980Z","timestamp":1756284978632,"oi":7301672,"existing":false,"side":"sell"},"guid":"tr-a9bf1c4b-2673-412c-ac50-a45eec2b9bb3"}
{"data":{"id":1892950919532850200,"orderno":0,"symbol":"SI-9.25","board":"RFUD","qty":6,"price":81151,"time":"2025-08-27T08:56:18.6331140Z","timestamp":1756284978633,"oi":7301672,"existing":false,"side":"sell"},"guid":"tr-a9bf1c4b-2673-412c-ac50-a45eec2b9bb3"}
{"data":{"id":1892950919532850200,"orderno":0,"symbol":"SI-9.25","board":"RFUD","qty":2,"price":81151,"time":"2025-08-27T08:56:18.6337930Z","timestamp":1756284978633,"oi":7301672,"existing":false,"side":"sell"},"guid":"tr-a9bf1c4b-2673-412c-ac50-a45eec2b9bb3"}
{"data":{"id":1892950919532850200,"orderno":0,"symbol":"SI-9.25","board":"RFUD","qty":1,"price":81151,"time":"2025-08-27T08:56:18.6326390Z","timestamp":1756284978632,"oi":7301672,"existing":false,"side":"sell"},"guid":"tr-a9bf1c4b-2673-412c-ac50-a45eec2b9bb3"}
{"data":{"id":1892950919532850200,"orderno":0,"symbol":"SI-9.25","board":"RFUD","qty":1,"price":81151,"time":"2025-08-27T08:56:18.6337930Z","timestamp":1756284978633,"oi":7301672,"existing":false,"side":"sell"},"guid":"tr-a9bf1c4b-2673-412c-ac50-a45eec2b9bb3"}
{"data":{"id":1892950919532850200,"orderno":0,"symbol":"SI-9.25","board":"RFUD","qty":2,"price":81151,"time":"2025-08-27T08:56:18.6345590Z","timestamp":1756284978634,"oi":7301672,"existing":false,"side":"sell"},"guid":"tr-a9bf1c4b-2673-412c-ac50-a45eec2b9bb3"}
{"data":{"id":1892950919532850200,"orderno":0,"symbol":"SI-9.25","board":"RFUD","qty":3,"price":81151,"time":"2025-08-27T08:56:18.6353290Z","timestamp":1756284978635,"oi":7301672,"existing":false,"side":"sell"},"guid":"tr-a9bf1c4b-2673-412c-ac50-a45eec2b9bb3"}
{"data":{"id":1892950919532850200,"orderno":0,"symbol":"SI-9.25","board":"RFUD","qty":2,"price":81151,"time":"2025-08-27T08:56:18.6354820Z","timestamp":1756284978635,"oi":7301672,"existing":false,"side":"sell"},"guid":"tr-a9bf1c4b-2673-412c-ac50-a45eec2b9bb3"}
{"data":{"id":1892950919532850200,"orderno":0,"symbol":"SI-9.25","board":"RFUD","qty":2,"price":81151,"time":"2025-08-27T08:56:18.6355160Z","timestamp":1756284978635,"oi":7301672,"existing":false,"side":"sell"},"guid":"tr-a9bf1c4b-2673-412c-ac50-a45eec2b9bb3"}
{"data":{"id":1892950919532850200,"orderno":0,"symbol":"SI-9.25","board":"RFUD","qty":1,"price":81157,"time":"2025-08-27T08:56:18.6489060Z","timestamp":1756284978648,"oi":7301672,"existing":false,"side":"buy"},"guid":"tr-a9bf1c4b-2673-412c-ac50-a45eec2b9bb3"}
{"data":{"snapshot":true,"bids":[{"price":81157,"volume":6},{"price":81150,"volume":7},{"price":81149,"volume":25},{"price":81148,"volume":4},{"price":81147,"volume":10},{"price":81146,"volume":10},{"price":81145,"volume":18},{"price":81144,"volume":4},{"price":81143,"volume":14},{"price":81142,"volume":21},{"price":81141,"volume":25},{"price":81140,"volume":34},{"price":81139,"volume":22},{"price":81138,"volume":14},{"price":81137,"volume":24},{"price":81136,"volume":15},{"price":81135,"volume":18},{"price":81134,"volume":27},{"price":81133,"volume":104},{"price":81132,"volume":8}],"asks":[{"price":81158,"volume":26},{"price":81159,"volume":25},{"price":81160,"volume":13},{"price":81162,"volume":3},{"price":81163,"volume":3},{"price":81164,"volume":41},{"price":81165,"volume":5},{"price":81166,"volume":5},{"price":81167,"volume":502},{"price":81168,"volume":79},{"price":81169,"volume":62},{"price":81170,"volume":5},{"price":81171,"volume":3},{"price":81172,"volume":8},{"price":81173,"volume":9},{"price":81174,"volume":43},{"price":81175,"volume":49},{"price":81176,"volume":10},{"price":81177,"volume":5},{"price":81178,"volume":7}],"timestamp":1756284978,"ms_timestamp":1756284978672,"existing":false},"guid":"ob-e03e4a93-a8a6-40fb-b93c-a7e8107671e7"}
{"data":{"snapshot":true,"bids":[{"price":81157,"volume":6},{"price":81150,"volume":7},{"price":81149,"volume":25},{"price":81148,"volume":4},{"price":81147,"volume":10},{"price":81146,"volume":10},{"price":81145,"volume":18},{"price":81144,"volume":4},{"price":81143,"volume":14},{"price":81142,"volume":21},{"price":81141,"volume":25},{"price":81140,"volume":34},{"price":81139,"volume":22},{"price":81138,"volume":14},{"price":81137,"volume":24},{"price":81136,"volume":15},{"price":81135,"volume":18},{"price":81134,"volume":27},{"price":81133,"volume":104},{"price":81132,"volume":8}],"asks":[{"price":81158,"volume":27},{"price":81159,"volume":24},{"price":81160,"volume":13},{"price":81162,"volume":3},{"price":81163,"volume":3},{"price":81164,"volume":41},{"price":81165,"volume":5},{"price":81166,"volume":5},{"price":81167,"volume":502},{"price":81168,"volume":79},{"price":81169,"volume":62},{"price":81170,"volume":5},{"price":81171,"volume":3},{"price":81172,"volume":8},{"price":81173,"volume":9},{"price":81174,"volume":43},{"price":81175,"volume":49},{"price":81176,"volume":10},{"price":81177,"volume":5},{"price":81178,"volume":7}],"timestamp":1756284978,"ms_timestamp":1756284978715,"existing":false},"guid":"ob-e03e4a93-a8a6-40fb-b93c-a7e8107671e7"}
{"data":{"snapshot":true,"bids":[{"price":81157,"volume":6},{"price":81150,"volume":7},{"price":81149,"volume":25},{"price":81148,"volume":1},{"price":81147,"volume":13},{"price":81146,"volume":10},{"price":81145,"volume":17},{"price":81144,"volume":4},{"price":81143,"volume":14},{"price":81142,"volume":21},{"price":81141,"volume":25},{"price":81140,"volume":34},{"price":81139,"volume":22},{"price":81138,"volume":14},{"price":81137,"volume":24},{"price":81136,"volume":15},{"price":81135,"volume":18},{"price":81134,"volume":27},{"price":81133,"volume":104},{"price":81132,"volume":8}],"asks":[{"price":81158,"volume":63},{"price":81159,"volume":21},{"price":81160,"volume":13},{"price":81161,"volume":1},{"price":81162,"volume":3},{"price":81163,"volume":3},{"price":81164,"volume":41},{"price":81165,"volume":5},{"price":81166,"volume":5},{"price":81167,"volume":502},{"price":81168,"volume":79},{"price":81169,"volume":62},{"price":81170,"volume":5},{"price":81171,"volume":3},{"price":81172,"volume":8},{"price":81173,"volume":9},{"price":81174,"volume":43},{"price":81175,"volume":49},{"price":81176,"volume":10},{"price":81177,"volume":5}],"timestamp":1756284978,"ms_timestamp":1756284978778,"existing":false},"guid":"ob-e03e4a93-a8a6-40fb-b93c-a7e8107671e7"}
{"data":{"id":1892950919532850200,"orderno":0,"symbol":"SI-9.25","board":"RFUD","qty":2,"price":81157,"time":"2025-08-27T08:56:18.7935610Z","timestamp":1756284978793,"oi":7301668,"existing":false,"side":"sell"},"guid":"tr-a9bf1c4b-2673-412c-ac50-a45eec2b9bb3"}
{"data":{"snapshot":true,"bids":[{"price":81157,"volume":4},{"price":81150,"volume":7},{"price":81149,"volume":25},{"price":81148,"volume":1},{"price":81147,"volume":13},{"price":81146,"volume":10},{"price":81145,"volume":17},{"price":81144,"volume":4},{"price":81143,"volume":14},{"price":81142,"volume":21},{"price":81141,"volume":25},{"price":81140,"volume":34},{"price":81139,"volume":22},{"price":81138,"volume":14},{"price":81137,"volume":24},{"price":81136,"volume":15},{"price":81135,"volume":18},{"price":81134,"volume":27},{"price":81133,"volume":104},{"price":81132,"volume":8}],"asks":[{"price":81158,"volume":63},{"price":81159,"volume":21},{"price":81160,"volume":13},{"price":81161,"volume":3},{"price":81162,"volume":3},{"price":81163,"volume":5},{"price":81164,"volume":41},{"price":81165,"volume":5},{"price":81166,"volume":5},{"price":81167,"volume":502},{"price":81168,"volume":79},{"price":81169,"volume":62},{"price":81170,"volume":5},{"price":81171,"volume":3},{"price":81172,"volume":8},{"price":81173,"volume":9},{"price":81174,"volume":43},{"price":81175,"volume":49},{"price":81176,"volume":10},{"price":81177,"volume":5}],"timestamp":1756284978,"ms_timestamp":1756284978808,"existing":false},"guid":"ob-e03e4a93-a8a6-40fb-b93c-a7e8107671e7"}
{"data":{"id":1892950919532850200,"orderno":0,"symbol":"SI-9.25","board":"RFUD","qty":2,"price":81157,"time":"2025-08-27T08:56:18.8650310Z","timestamp":1756284978865,"oi":7301664,"existing":false,"side":"sell"},"guid":"tr-a9bf1c4b-2673-412c-ac50-a45eec2b9bb3"}
{"data":{"snapshot":true,"bids":[{"price":81151,"volume":43},{"price":81150,"volume":29},{"price":81149,"volume":56},{"price":81148,"volume":1},{"price":81147,"volume":10},{"price":81146,"volume":10},{"price":81145,"volume":8},{"price":81144,"volume":4},{"price":81143,"volume":14},{"price":81142,"volume":3},{"price":81141,"volume":50},{"price":81140,"volume":34},{"price":81139,"volume":7},{"price":81138,"volume":29},{"price":81137,"volume":24},{"price":81136,"volume":36},{"price":81135,"volume":18},{"price":81134,"volume":27},{"price":81133,"volume":104},{"price":81132,"volume":8}],"asks":[{"price":81157,"volume":5},{"price":81158,"volume":20},{"price":81159,"volume":23},{"price":81160,"volume":13},{"price":81161,"volume":4},{"price":81162,"volume":3},{"price":81163,"volume":12},{"price":81164,"volume":41},{"price":81165,"volume":5},{"price":81166,"volume":3},{"price":81167,"volume":502},{"price":81168,"volume":79},{"price":81169,"volume":62},{"price":81170,"volume":5},{"price":81171,"volume":3},{"price":81172,"volume":8},{"price":81173,"volume":9},{"price":81174,"volume":43},{"price":81175,"volume":49},{"price":81176,"volume":10}],"timestamp":1756284978,"ms_timestamp":1756284978893,"existing":false},"guid":"ob-e03e4a93-a8a6-40fb-b93c-a7e8107671e7"}
{"data":{"snapshot":true,"bids":[{"price":81152,"volume":25},{"price":81151,"volume":40},{"price":81150,"volume":38},{"price":81149,"volume":47},{"price":81148,"volume":1},{"price":81147,"volume":10},{"price":81146,"volume":10},{"price":81145,"volume":8},{"price":81144,"volume":4},{"price":81143,"volume":14},{"price":81142,"volume":3},{"price":81141,"volume":65},{"price":81140,"volume":34},{"price":81139,"volume":7},{"price":81138,"volume":29},{"price":81137,"volume":24},{"price":81136,"volume":36},{"price":81135,"volume":3},{"price":81134,"volume":27},{"price":81133,"volume":104}],"asks":[{"price":81156,"volume":1},{"price":81157,"volume":11},{"price":81159,"volume":2},{"price":81160,"volume":13},{"price":81161,"volume":5},{"price":81162,"volume":19},{"price":81163,"volume":10},{"price":81164,"volume":41},{"price":81165,"volume":5},{"price":81166,"volume":3},{"price":81167,"volume":502},{"price":81168,"volume":64},{"price":81169,"volume":62},{"price":81170,"volume":5},{"price":81171,"volume":3},{"price":81172,"volume":8},{"price":81173,"volume":9},{"price":81174,"volume":43},{"price":81175,"volume":49},{"price":81176,"volume":10}],"timestamp":1756284978,"ms_timestamp":1756284978966,"existing":false},"guid":"ob-e03e4a93-a8a6-40fb-b93c-a7e8107671e7"}
{"data":{"id":1892950919532850200,"orderno":0,"symbol":"SI-9.25","board":"RFUD","qty":1,"price":81156,"time":"2025-08-27T08:56:19.0087840Z","timestamp":1756284979008,"oi":7301662,"existing":false,"side":"buy"},"guid":"tr-a9bf1c4b-2673-412c-ac50-a45eec2b9bb3"}
{"data":{"snapshot":true,"bids":[{"price":81154,"volume":34},{"price":81153,"volume":22},{"price":81152,"volume":22},{"price":81151,"volume":50},{"price":81150,"volume":29},{"price":81149,"volume":47},{"price":81148,"volume":1},{"price":81147,"volume":10},{"price":81146,"volume":10},{"price":81145,"volume":9},{"price":81144,"volume":19},{"price":81143,"volume":14},{"price":81142,"volume":38},{"price":81141,"volume":30},{"price":81140,"volume":34},{"price":81139,"volume":27},{"price":81138,"volume":14},{"price":81137,"volume":4},{"price":81136,"volume":36},{"price":81135,"volume":3}],"asks":[{"price":81157,"volume":11},{"price":81159,"volume":2},{"price":81160,"volume":13},{"price":81162,"volume":19},{"price":81163,"volume":10},{"price":81164,"volume":41},{"price":81165,"volume":5},{"price":81166,"volume":3},{"price":81167,"volume":502},{"price":81168,"volume":64},{"price":81169,"volume":62},{"price":81170,"volume":5},{"price":81171,"volume":3},{"price":81172,"volume":8},{"price":81173,"volume":9},{"price":81174,"volume":43},{"price":81175,"volume":49},{"price":81176,"volume":10},{"price":81177,"volume":5},{"price":81178,"volume":6}],"timestamp":1756284979,"ms_timestamp":1756284979020,"existing":false},"guid":"ob-e03e4a93-a8a6-40fb-b93c-a7e8107671e7"}
{"data":{"id":1892950919532850200,"orderno":0,"symbol":"SI-9.25","board":"RFUD","qty":6,"price":81154,"time":"2025-08-27T08:56:19.0444770Z","timestamp":1756284979044,"oi":7301662,"existing":false,"side":"sell"},"guid":"tr-a9bf1c4b-2673-412c-ac50-a45eec2b9bb3"}
